3564 5376
683 535 795 588 creon
829 535 1007 587 secvrovs
1404 521 1447 586 43

353 665 395 731 Hi
418 669 599 734 caementa
623 665 754 746 ierunt,
777 664 865 732 later
887 663 958 746 hic,
982 663 1037 731 hic
1059 663 1194 748 ignibus
1216 662 1347 730 imbrex

240 789 307 856 300
351 791 573 878 Excoquitur,
598 792 702 860 denso
726 791 923 876 nigrescunt
944 789 1095 857 culmina
1118 790 1227 871 turno,

352 915 442 984 Aere
464 917 519 984 hic
542 916 753 984 flammarum
776 919 874 985 vesta
897 917 1034 984 fornace
1057 915 1272 1001 liquescunt:
1402 903 1406 912 ’

205 1089 210 1098 .
352 1043 395 1109 01
417 1043 577 1129 populum
599 1043 747 1111 clamme
770 1041 865 1112 ciant
885 1060 906 1111 e
929 1041 1077 1110 turribus
1100 1042 1178 1110 eltis

352 1167 514 1235 Paulinus
535 1168 665 1250 docuit,
700 1167 793 1236 dedit
815 1170 852 1236 et
873 1167 1060 1254 Campania
1082 1185 1217 1238 nomen.

352 1292 506 1378 Undique
529 1293 639 1361 lervel
660 1312 760 1379 opus:
795 1294 892 1379 pueri
922 1295 1114 1380 matresque
1137 1295 1354 1384 puellaeque,

240 1417 307 1483 305
350 1418 550 1505 ingeniosae
573 1420 612 1486 ut
633 1435 714 1504 apes
736 1420 866 1487 aestivo
889 1419 1041 1505 tempore
1064 1420 1158 1488 cellis

351 1543 476 1612 Rorida
498 1543 600 1611 mella
621 1547 764 1630 parant,
787 1546 923 1611 certant
943 1544 1100 1611 conferre
1122 1544 1282 1613 laborem.

354 1671 457 1736 Parte
477 1669 546 1736 3113
567 1668 717 1751 tabulas,
741 1668 878 1737 niteant
900 1670 994 1755 queis
1016 1669 1137 1737 intima
1160 1671 1277 1756 templi

351 1796 466 1881 Pingit
488 1797 585 1880 graia
607 1813 745 1864 manus:
768 1795 920 1864 celerent
942 1797 1003 1863 tua
1024 1797 1173 1864 maxima
1193 1799 1309 1882 gesta,

351 1923 568 2009 Magnanime
591 1941 611 1989 o
634 1924 707 1990 Dux
730 1921 921 2007 Aligerum,
945 1923 1127 2008 partesque
1149 1921 1345 2009 triumphos

241 2046 307 2111 310
351 2047 420 2114 Ν33
442 2047 524 2114 33113
546 2049 600 2114 est
621 2045 697 2114 aedi
717 2047 807 2113 totas
829 2045 1009 2112 intendere
1031 2045 1138 2128 vires;

351 2171 471 2240 Ulcisci
495 2171 631 2240 fraudes
652 2171 758 2239 hostis
775 2171 872 2239 sedet
891 2165 964 2240 3113
985 2171 1115 2257 cupide.

353 2299 461 2365 Lucus
482 2300 573 2380 erat,
597 2297 770 2380 Pilumno,
795 2297 855 2364 tibi
878 2315 980 2383 quem
1003 2315 1106 2366 caeca
1128 2299 1281 2365 vetustas

349 2422 522 2504 Condidit,
545 2425 582 2490 et
604 2420 714 2491 medio
736 2423 889 2506 Gargani
913 2421 1060 2489 culmine
1082 2421 1227 2505 signum.

351 2546 424 2614 Huc
445 2565 531 2631 gens
552 2550 631 2615 acta
653 2546 750 2630 iurit,
773 2545 953 2616 simulacra
976 2546 1101 2614 evertit
1122 2551 1160 2617 et
1182 2549 1254 2636 igni

240 2675 306 2740 315
350 2673 415 2738 Dat
435 2689 556 2740 nemus
563 2689 572 2754 ;
595 2671 776 2739 absumunt
798 2672 959 2758 ingentes
980 2672 1095 2739 omnia
1118 2671 1284 2741 flammae.

353 2796 479 2882 Effugit
501 2797 536 2862 31
559 2797 683 2874 satam
707 2799 778 2864 tum
802 2797 930 2864 vertice
953 2796 1150 2882 dodonaeo,

349 2923 423 2991 Une
445 2923 482 2990 el
504 2922 605 2990 Trine
628 2923 731 3006 Deus,
756 2921 816 2988 tibi
838 2911 994 2990 maxima'
1010 2923 1139 3009 templa
1160 2927 1349 3010 patescunt

437 3046 501 3115 Sed
523 3047 590 3114 iam
612 3047 762 3132 Gargani
786 3049 929 3114 Romam
951 3048 1109 3116 mirande
1131 3050 1262 3118 terebat

348 3175 453 3241 Fama
474 3173 608 3242 volans:
632 3173 728 3242 audit
749 3173 859 3242 laetus
880 3174 938 3259 qui
961 3174 1128 3242 maximus
1150 3176 1222 3243 orbi

240 3297 305 3363 320
349 3297 411 3365 Hic
432 3297 527 3364 sedet
550 3295 716 3364 Auletes:
741 3298 908 3363 memorat
929 3315 995 3382 quo
1018 3298 1158 3365 numine
1182 3300 1282 3367 terris

346 3422 553 3492 christianae
575 3425 733 3508 pugnent
760 3422 962 3509 internaque
985 3424 1114 3509 praelia
1137 3424 1286 3493 vincant.

349 3549 409 3617 Ille
431 3549 546 3616 animo
568 3551 682 3616 versat
704 3566 851 3632 magnae
873 3549 965 3616 inter
987 3549 1123 3620 moenia
1146 3552 1274 3619 Romae

348 3675 523 3742 Selemnos
543 3691 636 3757 aras,
659 3673 825 3742 solemnia
844 3675 974 3761 temple
995 3676 1120 3744 dicare.

349 3798 492 3866 Romula
514 3798 607 3883 plebs
628 3798 764 3884 paribus
785 3798 904 3867 studiis
926 3799 1088 3868 mandata
1109 3799 1263 3886 capessit.

238 3927 304 3994 325
348 3925 462 3994 Circus
483 3927 576 4008 erat,
599 3923 686 3992 ludis
707 3941 773 4010 quo
794 3941 896 4010 saepe
917 3928 1053 3993 assueta
1075 3928 1226 3994 vetustas

347 4051 513 4116 Exercere
537 4047 627 4116 viros
647 4049 741 4115 videt
762 4050 798 4118 et
818 4047 1025 4117 contendere
1048 4049 1151 4136 bigis,

347 4174 418 4241 Aut
439 4173 569 4260 pugiles
590 4173 723 4260 agitare
745 4174 842 4259 gravi
865 4176 1055 4244 certamina
1077 4178 1203 4244 caestu.

346 4300 443 4366 Hunc
466 4317 570 4386 prope
593 4300 744 4368 delectus
766 4299 883 4386 templi
906 4301 1014 4384 locus,
1038 4303 1076 4369 ut
1099 4301 1186 4370 soret
1206 4301 1298 4370 alma

348 4423 526 4510 Religione
547 4443 699 4510 sacrum,
723 4425 828 4494 foedis
850 4427 939 4512 quod
961 4427 1080 4494 ritibus
1102 4444 1186 4494 ausa
1207 4430 1259 4494 est

234 4550 301 4618 330
345 4549 436 4619 Gens
458 4554 645 4620 temerare:
669 4569 758 4620 novo
781 4553 958 4622 contendit
981 4555 1090 4622 Roma
1112 4553 1235 4620 labore.
