3576 5376
342 503 407 568 316
739 515 827 566 rnna
849 513 971 566 carons
994 515 1016 566 1.
1032 515 1060 566 c.
1077 513 1109 566 n.
1127 518 1160 568 n.

364 643 408 707 25
453 638 536 707 Inde
559 637 652 707 luror
673 655 821 707 vesanus
842 640 880 706 et
901 637 1150 708 immedicabile
1173 639 1294 709 volnus

542 762 661 829 Exurit
684 761 844 829 miserum
865 760 1099 849 dilaceratque
1120 765 1282 832 animum.

454 887 553 954 Haud
574 886 677 953 aliter
700 885 838 952 fervens
858 886 989 970 gremio
1012 884 1215 974 discerpitur
1238 891 1367 970 Aetna,

541 1008 731 1094 Ebullitqne
753 1007 830 1075 imls
851 1007 955 1092 ignea
977 1008 1178 1092 visceribus,

453 1134 562 1208 Quum
586 1129 739 1197 dammas
761 1130 843 1196 lacit
864 1132 900 1198 et
920 1129 1091 1216 scopulos,
1116 1134 1268 1218 expallet
1290 1138 1327 1201 et
1348 1136 1458 1202 omnis

365 1261 408 1324 30
541 1251 678 1340 Ingenti
702 1253 827 1320 montis
849 1270 1021 1320 murmure
1045 1254 1229 1323 Trinacria

451 1383 526 1449 Heu
548 1379 686 1446 laevum
708 1376 784 1444 me!
810 1375 976 1444 vociferat
998 1377 1101 1445 miser
1122 1378 1194 1460 ille,
1219 1381 1300 1466 quid
1322 1383 1401 1466 egil

539 1501 657 1580 Quove
679 1501 754 1569 anri
776 1501 887 1586 potuit
909 1517 1033 1586 cogere
1054 1519 1153 1570 sacra
1175 1501 1304 1572 lamest

455 1631 529 1714 lpse
552 1625 689 1710 egomet
711 1623 876 1691 ducebam
898 1623 1008 1706 acies,
1030 1627 1135 1712 atque
1157 1627 1273 1694 oscula
1294 1629 1416 1712 fronti,

541 1750 706 1816 Horresco
728 1747 936 1814 memorans!
960 1747 1110 1833 proditor
1132 1750 1204 1834 ipse
1226 1749 1357 1818 dabam.

365 1877 410 1942 35
454 1877 494 1942 ln
516 1874 620 1958 caput
640 1871 816 1956 ingratum
838 1889 903 1939 nec
924 1872 1032 1939 iactat
1055 1871 1207 1956 llrlgura,
1231 1891 1296 1943 nec
1317 1895 1369 1958 se,

544 1999 697 2082 Namque
718 1998 847 2082 potest,
870 1996 982 2064 saevis
1003 1998 1146 2083 proripit
1168 2017 1187 2066 e
1212 2001 1385 2070 manibus:

454 2122 579 2192 Obvius
599 2123 637 2190 at
658 2120 755 2189 vultu
778 2121 887 2190 facilis
908 2121 1131 2208 dextramque
1154 2125 1302 2193 tetendit

541 2249 584 2314 Et
606 2263 706 2315 carae
729 2246 886 2314 meminit
909 2247 1025 2316 loedus
1047 2248 1228 2317 amicitiae.

453 2373 539 2449 Quid
562 2371 705 2440 miserae
729 2373 831 2439 matri
853 2373 1008 2454 eveniet,
1032 2390 1137 2458 quum
1159 2374 1281 2442 robore
1306 2375 1456 2443 Gnatum

368 2501 411 2565 40
544 2497 698 2565 Pendere
721 2499 863 2585 indigno
885 2499 1010 2566 viderit
1030 2500 1248 2568 exanimeml

456 2625 527 2690 lam
550 2639 683 2708 nequeo
704 2621 857 2707 perferre
880 2621 987 2690 diem:
1011 2623 1150 2692 discissa
1173 2623 1365 2710 profundis,

543 2749 715 2830 Obtestor,
739 2749 808 2816 iam
830 2767 885 2816 me
908 2751 1001 2817 terra
1023 2751 1122 2817 voret
1144 2750 1292 2819 latebris

456 2874 643 2943 Concilium
666 2873 718 2940 his
740 2873 839 2942 dictis
860 2873 932 2941 adit
955 2877 992 2941 et
1012 2874 1122 2944 scelus
1144 2893 1246 2943 omne
1270 2875 1413 2958 latetur,

543 3000 676 3066 lnsame
698 2998 741 3065 ad
763 3017 921 3084 proceres
941 2997 1078 3085 prdiioit
1099 3001 1136 3066 et
1158 3000 1315 3084 pretinm.

372 3127 414 3192 45
457 3125 609 3193 llludnnt
629 3128 862 3211 regeruntque
883 3125 949 3192 illi:
980 3123 1060 3211 quid
1082 3124 1200 3194 inania
1222 3143 1339 3194 versas

543 3253 662 3334 Serus,
688 3255 725 3320 et
747 3253 870 3322 insana
891 3253 970 3339 qnid
994 3253 1094 3321 modo
1116 3257 1233 3321 mente
1257 3252 1359 3320 lurisl

458 3375 591 3442 Videris
613 3375 685 3461 ipse
707 3375 785 3460 tibi,
809 3375 858 3442 nil
881 3377 925 3443 ad
949 3393 1019 3443 nos
1044 3375 1112 3442 Vix
1134 3393 1177 3443 ea
1199 3375 1281 3458 lati,

546 3501 589 3568 Et
610 3519 713 3569 curae
735 3501 952 3586 ingeminant
974 3507 1010 3569 et
1033 3503 1158 3588 premit
1178 3501 1230 3569 ira
1253 3502 1321 3568 Dei.

460 3626 584 3694 Infelix
606 3627 694 3695 abit:
717 3627 843 3695 arrecti
864 3630 959 3696 stant
981 3628 1109 3695 vertice
1132 3627 1261 3708 crineS,

373 3757 415 3820 50
547 3754 692 3821 Lumina
714 3756 830 3837 torva,
854 3757 980 3822 tremor
1002 3755 1121 3840 pectus
1142 3751 1287 3820 anhelus
1307 3753 1396 3837 agit;

461 3881 736 3967 praecipitatque
758 3879 920 3965 gradum,
944 3880 1152 3965 letalemque
1174 3879 1299 3946 inscius
1322 3877 1457 3946 hortum

548 4009 712 4078 Advenit:
738 4009 803 4075 huo
826 4026 936 4094 nuper
958 4006 1029 4075 tela
1051 4006 1191 4074 inimica
1213 4005 1308 4073 tulit:

460 4137 614 4221 Expavet
636 4136 836 4222 horretque‚
867 4134 1081 4220 invisamque
1101 4133 1303 4218 abrumpere
1326 4132 1431 4200 vitam

548 4261 683 4343 Certus,
707 4260 787 4328 dnm
808 4259 974 4340 salebras,
997 4256 1078 4327 dum
1100 4259 1176 4328 loca
1198 4261 1298 4326 senta
1320 4257 1411 4326 rubis

373 4391 417 4455 55
460 4387 685 4472 Praerapidus
707 4386 829 4468 currit,
853 4386 957 4454 ramis
978 4385 1206 4471 pendentibus
1228 4385 1327 4454 arbos

551 4517 637 4583 Ecce
660 4512 717 4582 olli
742 4513 852 4580 medio
874 4512 1013 4580 tramite
1036 4512 1163 4597 rumpit
1184 4513 1260 4580 iter.
