3560 5368
704 567 815 617 ursus
837 567 987 618 rnnrrus
1384 555 1445 618 221

352 693 477 761 Ordine
501 693 689 760 succedunt
710 692 835 776 longo,
858 710 923 760 nec
948 693 1055 776 bella,
1079 712 1144 761 neo
1166 699 1260 762 astus

350 819 573 905 infernosque
596 819 750 884 tremunt
771 816 905 902 hostes,
939 819 1021 904 quin
1051 818 1219 903 sanguine
1241 822 1386 905 surgunt

242 943 307 1008 425
352 941 508 1026 Largiter
529 941 636 1007 eflhso
660 939 851 1022 innumeri,
875 957 938 1008 ceu
960 941 1112 1025 semine,
1135 941 1218 1008 cret'

350 1064 583 1145 christianae,
611 1062 767 1149 dulcique
790 1064 870 1150 iugo
893 1082 979 1149 gens
1001 1066 1132 1134 romula
1156 1067 1294 1135 tandem

350 1189 526 1273 subditur,
549 1189 796 1277 imperiumque
819 1192 918 1258 tenet
940 1208 1009 1259 non
1033 1191 1183 1259 tristibus
1204 1192 1308 1260 armis

352 1316 394 1384 Et
415 1315 584 1397 lacrimis,
612 1314 671 1383 sed
693 1331 799 1400 pace,
822 1315 881 1382 sed
905 1316 941 1384 et
962 1315 1092 1401 pietate
1115 1321 1296 1403 peratum,

350 1439 410 1508 cui
434 1438 549 1506 nullae
573 1455 687 1506 rerum
710 1436 842 1526 metae]
867 1439 920 1505 cui
944 1442 1099 1526 tempora
1122 1441 1216 1509 nulle

241 1566 306 1631 430
352 1565 546 1645 Ponuntur,
570 1563 701 1650 superis
721 1563 831 1632 donec
852 1581 926 1632 sese
948 1565 1077 1633 inseret
1098 1565 1207 1634 astris

134 1663 140 1676 ’
351 1692 496 1775 Tempus
511 1689 592 1771 erit,
617 1687 699 1755 mihi
715 1692 811 1757 certa
825 1687 928 1770 fide,
952 1708 1057 1776 quum
1071 1691 1162 1758 hanc
1179 1692 1320 1760 nomine
1335 1693 1450 1760 sedem

351 1815 395 1880 Et
416 1815 543 1882 virtute
567 1814 647 1882 Pius
669 1817 789 1900 reget:
812 1814 903 1882 orbis
925 1814 980 1882 hic
1003 1833 1073 1884 una
1095 1817 1272 1903 voluptas,

292 1917 295 1923 ¹
353 1941 446 2006 Unus
467 1956 581 2020 amor;
603 1945 720 2036 tamen
743 1943 779 2008 et
802 1940 937 2008 fraudes
958 1943 1121 2026 expertus
1139 1945 1175 2010 ct
1197 1961 1295 2010 arma

351 2065 606 2152 Foedifragum,
631 2064 679 2132 nil
701 2065 770 2134 tale
793 2083 947 2148 merone,
970 2067 1158 2151 asperrima
1180 2085 1318 2153 passus,

242 2193 308 2259 luo
351 2191 412 2259 lile
436 2191 534 2258 tenet
556 2190 691 2258 clavum
714 2192 751 2259 et
772 2189 879 2258 solida
899 2193 996 2260 stans
1018 2195 1155 2275 mente,
1187 2210 1251 2260 nec
1274 2193 1342 2262 iras

352 2316 543 2384 Ventorum
566 2315 726 2404 pelagius
746 2316 856 2383 minas
877 2318 940 2383 aut
968 2320 1121 2384 monstra
1143 2317 1317 2386 tremiscit.

352 2447 383 2512 lt
404 2445 503 2512 nevis
523 2446 683 2528 certoque
706 2442 826 2510 volans
847 2446 943 2511 secat
964 2462 1114 2530 aequora
1136 2463 1251 2527 cursu,

352 2569 527 2652 Undarum
549 2568 693 2650 victrix,
729 2569 826 2636 tanto
850 2586 970 2636 secura
993 2569 1164 2655 Magistro.

350 2697 420 2786 Hic,
436 2695 513 2763 fidei
538 2713 736 2782 morumque
759 2713 866 2763 novos
888 2696 1018 2764 Heroas
1036 2696 1171 2781 olympo

243 2825 307 2889 llo
352 2823 520 2907 Exceptus
541 2822 600 2888 dat
622 2821 688 2889 rite
710 2821 775 2889 ooli
797 2821 1004 2889 solemnibus
1026 2822 1102 2888 aris.

352 2947 512 3033 Quodque
535 2947 601 3015 erit
623 2945 659 3012 in
682 2945 795 3032 populi
819 2945 927 3026 votis,
949 2946 994 3012 ab
1016 2944 1148 3030 origine
1173 2946 1258 3014 labis

211 3085 217 3094 ·
353 3074 551 3142 Parthenidi
574 3075 755 3159 exemptae
777 3089 973 3157 supremum
1000 3071 1143 3140 mandat
1163 3072 1338 3142 honorem.

344 3198 399 3294 *At
418 3195 530 3265 subito
551 3195 665 3266 densis
686 3196 852 3264 horrescit
874 3196 1018 3265 nubibus
1039 3195 1181 3278 aether,

351 3325 498 3410 Fertque
520 3323 706 3391 immanem
727 3322 875 3391 hiemem
898 3325 1206 3409 tempestatemque
1234 3321 1404 3402 minatur,

242 3453 307 3516 -lts'x
350 3452 393 3518 ut
414 3449 545 3516 tonitru
567 3451 705 3516 resonat
727 3448 948 3535 caelestisque
972 3449 1098 3516 emicat
1119 3448 1228 3534 ignis,

351 3575 394 3642 Et
414 3573 577 3661 gravidae
601 3573 715 3641 nimbo
737 3572 938 3642 scinduntur
960 3574 997 3641 in
1019 3591 1100 3642 aere
1124 3577 1250 3656 nubes,

353 3702 396 3769 Et
418 3717 538 3768 manus
559 3703 701 3787 apparet
733 3717 978 3787 romanamque
1000 3701 1132 3785 obtegit
1155 3700 1294 3782 urbem,

351 3825 510 3894 Hostibus
531 3826 701 3895 excidium
724 3826 887 3894 minitans
909 3829 1013 3915 atque
1035 3845 1156 3912 aspera
1181 3827 1278 3895 bella.

351 3952 404 4020 Illi
426 3953 529 4022 dente
554 3953 705 4020 tremunt
726 3955 762 4020 et
785 3951 883 4021 torvo
906 3953 1035 4022 lumine
1059 3953 1192 4022 caelum

242 4083 307 4145 isis)
352 4078 546 4165 suspiciunt
567 4079 751 4164 strictoque
774 4081 880 4147 Deum
902 4098 1064 4148 mucrone
1087 4079 1267 4147 lacessunt.

352 4206 416 4274 Sed
439 4207 577 4273 Patrem
599 4205 725 4292 espicio
748 4209 871 4292 pacata
894 4209 1011 4274 mente
1025 4205 1165 4292 supinas

267 4414 269 4418 .
350 4332 539 4400 Tollentem
561 4331 697 4418 Superis
718 4332 849 4418 palmas
882 4332 1088 4418 longumque
1113 4329 1336 4418 precantem

351 4459 489 4526 interea
512 4460 604 4526 visae
627 4457 789 4545 liquidum
811 4477 873 4544 per
891 4459 996 4527 inane
1019 4459 1208 4545 phalanges

352 4585 538 4652 instructae
568 4584 746 4671 clypeique
770 4583 863 4653 loves
885 4584 1119 4672 fulgentiaque
1142 4564 1239 4654 arma
