3560 5368
315 522 380 588 286
594 537 639 588 nn
660 537 776 591 uuam
793 539 1032 592 rnsnouuurn
1049 559 1067 575 -
1083 540 1219 593 nunant
1235 542 1247 592 1

420 663 465 727 At
487 658 623 728 Simeon
647 660 785 746 explere
809 663 929 748 nequit
950 679 1012 729 sua
1034 662 1165 731 lumina
1187 665 1262 732 visu

509 782 675 867 Infantis,
699 784 789 853 laete
811 803 913 870 quam
936 785 1060 870 premit
1082 785 1119 853 in
1142 787 1284 873 gremio.

333 908 377 973 55
420 908 605 993 Amplexus
627 907 731 976 iterat
753 926 849 978 caros
870 911 907 976 et
928 926 1011 977 cara
1031 909 1164 978 labellis

509 1032 659 1101 Plurima
682 1049 758 1100 cum
781 1031 928 1100 lacrimis
950 1033 1065 1102 oscula
1087 1033 1164 1120 flgit
1185 1052 1315 1102 amaus

419 1155 504 1223 bein
526 1154 622 1224 inflt:
646 1156 788 1238 Mulier,
813 1155 928 1224 multis
950 1156 1038 1224 heu!
1062 1174 1166 1225 causa
1188 1158 1308 1226 ruinae

509 1279 571 1346 Hic
595 1281 686 1348 Puer
715 1283 752 1348 et
774 1279 888 1347 multis
918 1297 1022 1348 causa
1042 1279 1161 1349 salutis
1182 1283 1258 1350 erit.

422 1405 525 1492 Atqui
549 1423 613 1490 ego
636 1422 707 1473 non
730 1424 891 1474 cernam:
916 1409 1014 1475 tantu
1036 1425 1091 1476 me
1114 1408 1187 1476 vita
1209 1409 1314 1477 dolori

333 1530 377 1596 60
508 1531 605 1598 Haud
628 1535 764 1600 seruat:
787 1530 879 1600 vires
900 1549 1041 1618 corpore
1067 1532 1240 1602 deficiunt

420 1657 470 1722 Tu
492 1655 573 1724 Nati
595 1655 738 1742 aspicies
758 1654 948 1724 laceratum
971 1656 1114 1726 vulnere
1137 1660 1256 1745 peetus

508 1779 761 1868 Attritumque,
784 1783 916 1850 Parens
937 1782 1024 1850 beu!
1050 1783 1263 1864 miserenda,
1288 1800 1383 1852 nece.

421 1906 491 1971 Hoc
514 1903 626 1974 iacula
648 1904 843 1990 insignum
866 1903 1009 1989 teuent,
1032 1909 1069 1975 et
1091 1905 1185 1974 clara
1207 1907 1374 1992 patebunt

507 2028 671 2114 Consilia,
695 2031 798 2115 atque
820 2028 946 2098 animis
967 2029 1083 2099 abdita
1104 2048 1259 2118 quaeque
1283 2030 1403 2100 latent.

333 2155 377 2220 65
422 2153 579 2223 Dixerat:
603 2155 640 2222 in
663 2154 796 2223 tristem
819 2157 997 2223 mutantur
1018 2153 1144 2241 gaudia
1167 2158 1318 2224 mentem

508 2279 752 2348 Parthenidos:
778 2280 921 2350 miserae
944 2283 1093 2367 quantus
1115 2299 1252 2349 amaror
1274 2280 1383 2348 inest!

423 2404 499 2470 Non
520 2421 618 2472 seeus
639 2423 681 2473 ac
703 2405 793 2472 nitet
818 2404 949 2472 aestivo
982 2421 1086 2491 quum
1108 2408 1261 2490 tempore
1283 2404 1415 2472 eaelum

510 2529 552 2596 nt
573 2528 623 2596 sul
645 2546 815 2615 purpureo
839 2527 985 2614 iblgidus
1006 2547 1072 2596 axe
1094 2529 1216 2613 micat,

422 2654 572 2722 Nubibus
593 2654 766 2742 extemplo
788 2653 902 2722 densis
923 2654 1100 2722 obducitur
1122 2673 1183 2723 aer

336 2780 379 2845 70
511 2780 560 2844 Ae
582 2779 709 2847 circum
731 2777 884 2847 tenebris
905 2778 1021 2848 horret
1044 2779 1168 2865 ubique
1190 2780 1305 2866 polus,

418 2903 555 2971 Grande
578 2904 647 2972 ruit
668 2904 872 2990 pluviaeque
895 2905 1061 2973 immenso
1082 2906 1220 2992 gurgite
1244 2907 1435 2988 inundant,

510 3030 552 3097 Et
574 3029 713 3116 rapiunt
735 3032 872 3114 segetes
894 3032 931 3097 et
951 3033 1027 3098 sata
1049 3029 1141 3099 laeta
1165 3031 1284 3114 boum;

421 3157 474 3224 Sic
497 3157 608 3225 subito
630 3157 737 3242 Virgo
758 3173 862 3224 saevo
885 3157 1096 3242 transfigitur
1119 3174 1218 3243 ense,

510 3257 719 3352 uurim‘beu
741 3284 813 3370 ipso
837 3283 958 3352 sunere
981 3282 1201 3369 supplicium!

335 3411 379 3476 75
423 3411 509 3478 Nam
532 3427 599 3476 vox
620 3426 728 3494 usque
750 3409 847 3477 Senis
870 3412 1045 3476 maternas
1066 3411 1227 3495 personat
1248 3428 1371 3494 aures,

509 3533 689 3618 Verbaque
713 3531 840 3602 fatidici
864 3533 977 3601 tristia
998 3532 1100 3600 corde
1121 3533 1253 3600 sedent.

423 3657 473 3724 Da
493 3659 607 3726 tecum
630 3675 784 3726 moerere
807 3657 911 3739 mihi,
934 3657 1159 3726 moestissima
1180 3659 1305 3745 Virgo,

510 3782 608 3850 Mens
629 3784 808 3851 meadum
831 3783 937 3851 tantis
958 3784 1133 3869 exagitata
1155 3782 1253 3851 malis

422 3906 600 3976 Fluctuat:
624 3909 782 3994 impietas
803 3927 887 3978 nam
908 3909 1138 3980 debacchatur
1159 3907 1291 3992 inulta,

337 4035 380 4098 80
513 4037 555 4102 ut
577 4034 717 4104 miseros
737 4035 829 4104 inter
851 4035 963 4105 beliue
984 4053 1090 4104 saeve
1111 4035 1194 4105 furit

421 4157 585 4227 Dentibus
607 4162 643 4227 et
665 4158 773 4227 laniat
794 4159 886 4228 diris.
911 4160 957 4228 At
980 4163 1039 4244 tu,
1065 4159 1154 4229 bona
1175 4162 1305 4243 Mater,

512 4282 634 4368 Aegiis
656 4283 701 4352 ab
724 4283 888 4352 nimium!
914 4286 1038 4372 quippe
1060 4286 1219 4354 levamen
1241 4286 1317 4355 eris
1401 4285 1407 4292 '

417 4552 451 4614 (ἢ
468 4553 596 4605 ³¹⁸1th
