3472 5360
573 503 575 508 ,
643 553 755 606 ursus
778 553 912 608 rmuvs
1322 540 1379 606 161

176 683 234 748 105
278 678 555 766 Quandoquidem
579 677 637 745 lux
660 697 758 747 sacre
781 679 889 762 redit,
913 697 981 766 qua
1004 679 1113 750 victor
1135 681 1271 762 averni,

278 807 439 875 Militibus
459 805 596 889 stratis,
620 804 793 888 Christus,
822 823 988 892 versoque
1011 808 1185 893 sepulcro,

279 934 387 1001 Morte
410 931 641 1017 triumphata,
672 931 764 998 vitae
788 949 824 998 se
848 929 994 1000 reddidit
1016 931 1117 1000 auris.

279 1061 426 1144 Ipsemet
446 1057 532 1125 haec
557 1056 709 1124 monuit:
733 1058 914 1126 Monstrosi
935 1059 975 1125 nt
998 1076 1138 1144 corpore
1161 1062 1236 1127 cete

280 1185 463 1269 absorptus
485 1181 590 1249 iacuit
613 1183 729 1264 Ionas,
759 1201 802 1251 ao
823 1200 894 1251 non
917 1183 980 1250 nisi
1005 1184 1119 1250 ternos

172 1312 232 1376 110
279 1313 360 1378 Post
381 1309 468 1378 soles
491 1309 605 1378 media
628 1308 775 1375 vomitur
797 1307 972 1375 revolutus
994 1326 1121 1390 arena;

278 1435 332 1503 Sic
353 1439 470 1503 ternos
492 1452 547 1502 me
571 1437 664 1502 terra
686 1433 757 1500 dies
779 1432 964 1519 peregrina
986 1431 1140 1518 sepulcro

280 1558 452 1644 Excipiet,
475 1560 585 1628 donec
607 1557 743 1626 devicta
765 1559 874 1626 morte
899 1575 1084 1642 resurgam.

279 1683 521 1770 aspiciensque
544 1682 662 1768 procul
684 1683 869 1769 templum,
899 1682 931 1750 Si
955 1681 1103 1763 solvitis,
1139 1682 1269 1768 inquit,

279 1811 426 1878 Tantum
448 1825 549 1896 opus,
573 1808 663 1876 hanc
686 1806 798 1877 triduo
819 1808 903 1876 mihi
926 1809 978 1876 ias
992 1807 1157 1876 extollere
1180 1807 1312 1876 molem.

175 1934 234 2000 115
280 1931 356 2000 Vidi
378 1950 443 2017 ego
464 1935 540 2019 post
563 1933 678 2002 crucis
700 1933 842 2001 exitium
864 1949 1027 2019 persaepe
1050 1931 1271 2016 Magistrum,
1367 2000 1380 2023 ,

280 2058 448 2125 Viderunt
469 2057 637 2141 duodeni,
668 2061 704 2126 et
728 2058 871 2126 fratrum
893 2059 1039 2146 plurima
1061 2059 1161 2127 turba

281 2184 410 2252 Vitales
430 2185 619 2271 spirantem
641 2203 743 2252 auras
764 2187 800 2252 et
830 2186 938 2253 multa
960 2186 1159 2266 docentem,

280 2311 345 2376 Seu
367 2327 429 2376 nos
450 2309 630 2378 detineant
650 2309 821 2378 cenacula
850 2329 911 2378 seu
933 2329 1027 2379 mare
1051 2314 1162 2380 tutum

281 2433 407 2502 invitet
427 2435 525 2502 iactis
547 2435 663 2502 rimari
697 2433 824 2502 retibus
846 2436 963 2503 undas.

176 2561 234 2626 120
278 2558 368 2640 Quin
392 2558 497 2630 etiam
520 2559 628 2646 pisces
649 2577 741 2628 assos
763 2561 799 2628 et
820 2559 946 2630 adorea
969 2561 1037 2629 liba

280 2686 430 2770 Mandu,
454 2691 491 2757 et
512 2689 582 2773 ipse
604 2701 682 2754 suos
704 2704 866 2772 praesens
887 2687 1015 2755 solatur
1036 2687 1211 2772 alumnos,

280 2817 321 2880 Et
343 2813 494 2882 cumulat
515 2812 629 2896 donis,
654 2815 693 2879 ut
716 2812 784 2880 vim
809 2813 1006 2881 mortalibus
1027 2816 1141 2900 aegris

281 2943 432 3021 Inserat,
463 2941 565 3024 atque
588 2937 702 3006 hostes
724 2937 926 3025 infernaque
949 2939 1079 3025 praelia
1100 2943 1225 3009 vincat.

279 3064 485 3135 Christiadas
507 3066 627 3132 contra
651 3062 729 3150 quid
752 3079 823 3130 non
847 3063 985 3130 motitur
1006 3065 1123 3151 inique

176 3196 236 3260 125
279 3192 405 3274 Satan,
429 3193 464 3259 et
487 3191 592 3259 Satan
615 3191 826 3276 prognatae
848 3189 1004 3276 germine
1026 3190 1161 3276 protest

278 3319 331 3386 Sic
352 3316 432 3385 olim
456 3317 492 3383 in
514 3315 627 3385 caelos
649 3314 768 3383 induta
797 3319 913 3384 mente
937 3315 1117 3401 gigantum

281 3445 386 3532 Signa
408 3445 540 3525 movet,
570 3442 759 3529 soliumque
783 3444 841 3510 Dei
865 3444 1093 3516 conscendere
1117 3449 1249 3515 tentat:

279 3573 343 3641 Sed
365 3571 445 3660 quid
467 3569 603 3640 adhuc?
624 3568 734 3640 subito
757 3572 927 3660 proiectus
947 3574 1112 3642 sternitur
1133 3575 1205 3661 igni

281 3698 441 3767 aetherio
470 3697 677 3784 meritasque
711 3697 774 3766 luit
796 3716 858 3785 pro
879 3699 1021 3768 crimine
1044 3719 1181 3787 poenas

176 3829 236 3893 130
280 3827 347 3893 Hos
368 3841 501 3911 quoque
533 3824 748 3908 praemonuit
769 3823 921 3893 Christus
944 3843 1006 3893 nos
1028 3825 1118 3894 ferre
1140 3827 1273 3897 labores

280 3952 373 4019 Heu!
398 3951 499 4017 duros
520 3948 663 4016 nimium
685 3951 898 4036 mortemque
920 3952 1032 4019 subire
1054 3956 1212 4038 paratos3

282 4077 318 4144 Id
339 4077 460 4163 probat
480 4077 644 4155 eventus3
667 4074 763 4142 dolor
784 4075 933 4162 undique
957 4079 993 4144 et
1015 4077 1164 4164 undique
1187 4079 1313 4148 luctus:

281 4202 345 4270 Sed
367 4201 487 4269 durate
512 4202 611 4282 boni;
642 4204 762 4270 manet
783 4205 819 4268 et
841 4201 883 4270 de
906 4201 1002 4270 clade
1025 4205 1212 4289 tropaeum.

281 4324 413 4410 Religio
436 4323 558 4391 Christi
580 4324 702 4409 stabit,
726 4323 819 4393 nulio
841 4325 977 4394 excidet
998 4343 1105 4394 aevo:

179 4453 238 4518 135
282 4452 327 4518 Ut
346 4450 461 4518 defixa
480 4449 552 4518 solo
572 4449 680 4517 firmis
701 4449 870 4518 radicibus
890 4451 990 4518 arbos

279 4575 466 4645 succrescit
487 4576 611 4658 ramis,
635 4575 790 4662 foliisque
813 4575 1002 4646 virentibus
1022 4581 1138 4646 orbem

1251 4725 1276 4772 ll
