3560 5368
697 711 839 894 Ple
892 781 986 890 lx

412 1078 873 1148 PONT1F101
897 1167 898 1172 Ν
921 1075 1276 1144 ΜΑΧῑΜΟ

758 1334 927 1344 ——-

347 2315 494 2381 Maxime
516 2313 742 2382 christiadum
765 2315 898 2394 Pastor,
922 2316 976 2381 cni
998 2314 1077 2380 diva
1100 2313 1251 2399 potestas

434 2437 600 2506 claudere
622 2438 789 2506 caelestes
811 2441 847 2504 et
870 2455 1024 2506 reserare
1047 2437 1153 2515 iores,

347 2563 414 2628 Hos
436 2561 496 2628 tibi
519 2579 617 2628 sacra
639 2561 731 2628 dicat
753 2563 901 2630 moestos
923 2561 1057 2647 elegeia
1079 2577 1216 2640 versns;

437 2688 508 2754 Hoc
532 2704 648 2754 musae
670 2687 806 2772 patiens
828 2687 945 2772 accipe
966 2687 1074 2754 tristis
1095 2703 1187 2772 opus.

282 2813 304 2876 5
348 2811 381 2877 Si
404 2811 503 2897 regni
526 2829 648 2894 curae,
670 2811 698 2877 si
720 2810 856 2896 publica
877 2811 1054 2879 commoda
1076 2809 1211 2897 quando

436 2935 514 3002 Otia
536 2937 570 3002 te
593 2935 719 3003 semum
741 2952 882 3021 carpere
905 2935 995 3004 iusta
1016 2935 1155 3016 sinant,

348 3059 499 3145 Virginis
521 3060 682 3147 indignos
703 3059 819 3129 lubeat
842 3061 1036 3129 meminisse
1058 3060 1209 3128 dolores:

438 3185 510 3252 Ah!
535 3185 659 3271 premit
680 3185 841 3272 indignus
861 3188 897 3253 te
919 3205 1054 3273 quoqne
1076 3185 1177 3255 corde
1199 3184 1303 3251 dolor.

348 3308 528 3393 impetitur
549 3308 687 3395 quantis
709 3309 804 3377 Petri
826 3326 908 3376 nam
930 3311 1053 3394 cymba
1075 3306 1252 3394 procellis,

267 3431 305 3496 10
437 3433 485 3500 Te
512 3434 615 3516 duce,
639 3437 676 3502 et
696 3432 853 3502 inflatum
876 3451 1055 3520 permane
1077 3433 1189 3501 tendit
1210 3429 1296 3497 iter!

348 3555 457 3631 Quum
479 3555 640 3642 quidquid
661 3557 772 3624 sancti
802 3557 920 3640 terris,
942 3575 1047 3643 quum
1070 3555 1230 3643 quidquid
1253 3553 1387 3620 honesti

438 3679 582 3747 Versum
606 3679 786 3748 bacchanti
809 3679 952 3748 crimine
975 3679 1181 3766 conspicias,

349 3803 383 3869 Si
407 3805 524 3872 Matris
545 3805 678 3872 recolas
699 3803 833 3888 luctus,
856 3805 885 3874 si
908 3805 1032 3874 innera
1054 3805 1155 3886 Nati,

439 3932 479 3997 ln
502 3930 572 3998 leni
594 3929 655 4000 flet
677 3933 814 4018 pectore
837 3949 919 4000 cnra
940 3932 1061 4000 minor.

265 4054 306 4120 15
349 4053 392 4121 nt
413 4056 441 4122 si
465 4054 553 4122 sorte
576 4073 670 4124 meos
691 4073 762 4126 non
784 4057 1023 4142 dedignaberis
1044 4071 1167 4137 ausus,

438 4179 612 4260 OPater‚
637 4199 657 4248 o
679 4182 863 4268 Princeps,
887 4183 951 4251 hoc
975 4180 1057 4249 mihi
1081 4179 1180 4246 fenus
1201 4179 1276 4246 erit.
