3564 5376
734 515 845 566 tinuit
869 517 1002 566 PRIMVS

370 634 526 721 Diffugit,
549 639 586 705 at
607 638 694 706 silva
715 658 879 727 praeceps
900 659 974 708 sese
995 641 1089 708 abdit
1113 640 1149 706 in
1172 640 1252 708 alta.

369 763 454 828 Tum
476 763 545 831 cito
567 767 720 848 pastores
742 766 918 834 instructis
939 784 1036 834 arma
1058 765 1228 851 pharetris

369 886 508 956 Solliciti
530 889 684 974 rapiunt,
707 891 813 959 variis
834 909 956 958 nemus
977 909 1079 959 omne
1102 893 1292 976 peragrant

282 1013 324 1076 45
368 1011 530 1098 callibus,
553 1016 589 1082 et
612 1015 759 1084 latebras
782 1016 970 1096 rimantur,
995 1017 1088 1084 tacta
1111 1015 1276 1094 terarum,

370 1137 432 1205 llic
454 1138 539 1222 illic,
563 1140 734 1227 saltusque
757 1159 862 1210 canes
883 1141 1063 1210 latradbus
1085 1139 1239 1226 implent.

369 1263 524 1332 Occiduis
546 1265 615 1332 iam
637 1266 687 1334 sol
710 1267 821 1334 radios
842 1267 1070 1334 absconderat
1093 1265 1209 1343 undis,

370 1387 481 1464 Quum
503 1390 642 1458 tandem
667 1390 746 1459 lessi
769 1409 869 1460 cursu
892 1391 1058 1477 fractique
1081 1389 1196 1457 labore

368 1513 576 1583 Haerentem
599 1516 635 1582 in
660 1517 770 1586 medio
793 1518 930 1584 taurum
953 1517 1123 1582 mirantur
1143 1514 1238 1581 hiatu

281 1637 326 1701 50
369 1637 577 1723 Speluncae:
599 1641 732 1726 spirant
753 1642 915 1709 ardentes
936 1640 1067 1707 lumine
1090 1637 1266 1718 dammae,

368 1762 518 1832 caudam
532 1765 660 1850 agitat,
677 1767 852 1852 mugitque
869 1766 978 1847 ferox,
995 1768 1098 1851 atquo
1113 1764 1222 1831 ardua
1235 1767 1372 1849 quassat

368 1887 521 1973 Cornua,
544 1890 652 1958 multa
675 1892 826 1972 minans,
852 1894 888 1958 et
911 1891 1004 1958 calco
1027 1889 1154 1957 attollit
1175 1907 1325 1957 arenam.

367 2013 459 2082 Illius
481 2017 518 2082 at
540 2019 654 2084 custos
676 2019 798 2084 contra
820 2016 918 2084 stetit
939 2033 1018 2108 ora,
1041 2015 1204 2099 sagittam

371 2137 537 2221 abduxit,
559 2141 706 2226 totisque
731 2141 877 2209 tetendit
902 2140 1029 2207 viribus
1050 2157 1177 2208 arcum.

279 2264 323 2328 55
368 2263 487 2332 Sibilat
509 2265 569 2333 illa
591 2266 712 2334 volans
732 2266 867 2334 levibus
889 2265 1102 2351 rapidinima
1123 2265 1270 2350 pennis:

369 2391 429 2469 At,
454 2391 577 2458 mirum
599 2391 708 2460 dictu!
734 2391 841 2459 telum
864 2391 952 2459 redit
977 2391 1058 2460 inde
1079 2383 1282 2472 retrorsum,

371 2515 631 2605 llittentemquo
654 2517 752 2584 ierit:
774 2516 906 2603 gelidos
927 2519 1055 2586 tremor
1076 2518 1220 2601 occupat
1240 2519 1344 2582 artus.

368 2641 466 2709 Haud
488 2660 585 2711 secus
606 2643 777 2726 agricolae
800 2660 928 2727 magna
951 2641 1131 2710 formidine
1153 2643 1243 2727 capti

322 2763 327 2772 '
369 2767 503 2834 immoti
525 2769 637 2850 stant,
662 2768 835 2854 extemplo
858 2769 887 2836 si
909 2771 1064 2853 tompore
1087 2766 1205 2835 messis

282 2891 325 2956 60
369 2893 549 2961 Aetherius
571 2893 678 2960 ruerit
700 2893 845 2962 discissis
867 2893 1014 2960 nubibus
1035 2891 1135 2979 ignis

371 3018 476 3084 Nemo
498 3037 625 3086 novum
649 3021 763 3086 tentat
785 3017 960 3086 stridentis
982 3016 1160 3084 arundinis
1181 3017 1286 3084 ictum
1298 3035 1307 3098 ;

369 3143 434 3212 Sed
456 3145 611 3214 timidum
633 3146 788 3214 retulisse
811 3145 931 3231 pedem
955 3164 1053 3213 mans
1073 3144 1231 3212 omnibus
1252 3161 1323 3212 una
1344 3149 1396 3211 est

368 3269 410 3335 nt
429 3269 621 3354 sipontinae
644 3272 820 3338 Pastorem
844 3286 1008 3356 quaerere
1031 3267 1138 3354 plebis

370 3395 412 3461 Et
433 3397 574 3464 monstri
596 3397 676 3484 quid
697 3397 743 3464 sit
764 3397 854 3464 tanti
876 3395 1060 3464 scrutarier
1082 3413 1194 3462 omen.

280 3519 323 3586 65
367 3523 461 3587 Tunc
483 3521 681 3590 diomedeae
704 3521 838 3608 praesul
861 3521 1066 3589 Laurentius
1087 3521 1180 3588 urbis

369 3645 470 3712 Divus
491 3649 585 3728 crat,
607 3663 727 3731 regum
750 3647 892 3732 Byzanti
915 3645 1084 3731 sanguine
1107 3647 1239 3724 cretus,

367 3773 409 3837 Et
430 3770 540 3839 torma
561 3770 740 3856 egregius,
765 3771 893 3857 pietate
915 3770 1060 3856 insignis
1082 3771 1119 3838 et
1139 3787 1235 3837 aevo.

368 3895 479 3980 Atque
502 3911 545 3962 ea
565 3895 717 3980 Gargani
737 3913 868 3962 summo
891 3894 970 3961 dum
994 3897 1109 3961 monte
1132 3895 1319 3979 geruntur,

368 4018 427 4085 Ille
449 4022 526 4086 orat
547 4019 630 4106 vigil
653 4020 822 4102 inclusus,
846 4019 887 4086 de
911 4036 1027 4101 more,
1051 4018 1175 4086 sacello

279 4143 323 4206 70
366 4143 532 4210 interiore
554 4144 693 4212 domus:
716 4144 828 4213 subito
849 4161 953 4231 quum
977 4143 1067 4210 visus
1088 4143 1206 4210 adessa

368 4267 535 4352 lustinus,
559 4267 681 4337 Christi
705 4269 850 4355 primum
873 4269 931 4356 qui
954 4268 1029 4336 iura
1051 4267 1204 4348 ferebat,

366 4391 496 4477 Siponti
519 4392 676 4477 princeps
697 4395 839 4476 Pastor,
863 4393 1042 4478 legemque
1065 4409 1246 4458 sacrorum.

367 4515 529 4584 Laurenti
552 4534 574 4583 o
597 4515 723 4600 frater,
746 4516 853 4600 dixit,
877 4516 1033 4584 miranda
1055 4517 1235 4602 patescent
