3564 5376
691 549 802 602 11111111
824 549 975 600 ruamus

339 677 366 742 Ο
399 675 583 761 Sipontini,
617 675 749 743 Christo
783 691 866 761 quos
899 673 1067 742 maximus
1088 676 1160 761 ipse

338 803 412 886 lpse
435 803 556 869 Petrus
577 801 684 887 parit,
708 801 843 885 ingrato
865 799 913 867 sic
936 800 1036 868 eorde
1059 803 1240 887 parentum

340 925 453 994 Gloria
474 925 635 994 defluxit?
658 927 806 993 Iustinus
827 927 863 992 et
884 926 1024 1010 agmina
1045 926 1137 995 mille

226 1052 294 1117 365
337 1051 485 1119 Heroum
506 1053 660 1118 sanctam
683 1051 923 1135 obsignantum
945 1051 1112 1135 sanguine
1135 1051 1256 1138 legem.

336 1174 364 1239 0
387 1175 510 1256 Pater,
533 1191 553 1239 o
574 1190 732 1258 superum
755 1175 791 1239 et
812 1171 949 1256 generis
969 1172 1067 1240 Sator
1087 1175 1213 1258 optime
1236 1175 1358 1258 nostri,

341 1297 461 1382 Aegris
482 1297 566 1366 affer
587 1315 687 1383 opem
694 1315 704 1379 ;
727 1296 825 1364 tleturs
849 1298 886 1363 tu
909 1296 1005 1365 duloe
1028 1297 1204 1381 levamen,

339 1426 386 1491 Tu
408 1423 493 1491 lidus
514 1424 642 1491 tumido
663 1423 797 1492 iactatis
818 1439 965 1509 aequore
987 1424 1122 1509 portus,

337 1549 411 1614 Una
434 1547 565 1616 medela
588 1547 701 1630 malis,
725 1549 840 1614 certae
863 1565 940 1632 spes
962 1563 1032 1614 una
1054 1547 1180 1615 salutis.

226 1674 294 1738 370
425 1676 569 1758 Tempus
590 1673 673 1754 erit,
697 1673 874 1758 Gargana,
898 1675 993 1739 tuum
1015 1690 1081 1759 quo
1103 1692 1229 1742 nomen
1252 1676 1288 1743 in
1310 1680 1425 1745 orbem

336 1799 440 1865 Fama
462 1797 549 1865 feret
570 1799 697 1880 totum,
721 1796 822 1882 longo
844 1797 881 1864 et
902 1796 1124 1865 celebraberis
1145 1815 1240 1867 aevo.

335 1924 459 1990 Fausta
481 1921 568 2004 dies,
592 1921 752 2004 Michael,
776 1921 837 1988 tibi
859 1939 947 2008 quae
968 1921 1173 1992 solemnibus
1194 1925 1313 1993 aedem

337 2047 468 2114 Ritibus
489 2047 580 2115 hanc
602 2045 710 2114 dieat:
734 2047 823 2113 hanc
845 2033 1004 2114 dilectam
1026 2065 1159 2133 semper
1180 2049 1368 2134 habebunt,

333 2169 472 2254 Semper
493 2169 712 2252 honoratam,
735 2167 904 2235 Christum
926 2169 983 2255 qui
1005 2168 1103 2237 litore
1126 2188 1188 2238 eoo

223 2295 289 2360 375
333 2294 536 2379 Hesperiove
559 2292 692 2374 oolunt3
715 2309 904 2378 peragrans
925 2293 990 2360 huc
1013 2293 1157 2379 plurima
1179 2297 1279 2365 turba

333 2415 503 2483 Adveniet
522 2414 681 2501 supplex,
703 2414 772 2482 aris
793 2415 945 2500 imponet
967 2416 1128 2485 honores:

332 2540 499 2608 Maximus
520 2539 591 2624 ipse
614 2539 728 2624 gregis
750 2540 871 2608 Pastor
892 2540 1090 2626 procumbet
1111 2543 1155 2610 ad
1176 2561 1270 2627 aras,

333 2663 375 2732 llt
396 2663 465 2732 (lux
487 2663 619 2750 imperii
640 2665 850 2750 gemmatam
873 2662 985 2732 fronte
1007 2683 1168 2734 coronam

333 2790 489 2873 Deiioiet,
512 2787 686 2874 nudumque
709 2789 812 2875 pedes
834 2792 869 2856 et
891 2789 967 2856 vilis
988 2791 1131 2872 amiota,

223 2915 288 2980 380
332 2913 438 2981 Multa
459 2913 593 2995 dolens,
615 2912 757 2998 supplex
779 2917 937 2999 properat
958 2915 1158 3000 peregrinus
1179 2917 1222 2984 ad
1245 2920 1398 2984 antrum:

331 3039 383 3108 Sic
405 3056 583 3107 nemorum
605 3039 713 3106 cultor
734 3041 834 3124 parta
862 3057 923 3125 pro
945 3040 1047 3109 caede
1070 3041 1224 3125 iubebat,

331 3165 384 3234 Sic
405 3163 544 3232 meritas
566 3164 638 3232 luet
659 3165 764 3232 etlbso
786 3183 847 3250 pro
868 3166 1036 3250 sanguine
1058 3184 1193 3251 poenas.

331 3293 380 3358 Tu
402 3307 535 3376 quoque
557 3289 708 3374 Gargani
729 3291 842 3358 felicia
863 3290 1013 3358 eulmina
1035 3291 1139 3374 vises,

331 3417 453 3484 Sancte
476 3415 591 3498 heros,
613 3433 715 3500 quem
737 3416 797 3484 dat
818 3416 1017 3483 mirantibus
1040 3419 1176 3486 Umbria
1198 3420 1297 3486 terris

218 3547 285 3614 385
329 3547 532 3613 innumerae
553 3546 687 3630 patrem
708 3545 824 3629 prolis,
855 3543 999 3628 vestigia
1021 3544 1142 3612 Christi

328 3669 443 3736 Ardua
464 3672 502 3736 tu
524 3668 689 3755 sequeris:
713 3671 751 3736 tu
774 3668 888 3736 mollia
909 3685 1064 3756 quaeque
1084 3689 1222 3756 perosus

329 3797 403 3862 Una
425 3795 585 3880 pauperie
607 3793 804 3876 ditissimus,
834 3793 955 3879 effugis
977 3796 1112 3878 urbem,

328 3918 529 4006 etpedibus
551 3918 666 4002 nudis,
690 3916 782 3986 nuda
802 3921 838 3986 et
859 3919 1013 4002 cervice,
1036 3920 1209 3990 revinctus

329 4045 423 4114 Fune
445 4044 519 4112 rudi
542 4044 647 4128 latus,
670 4047 707 4111 et
728 4043 852 4111 detrito
874 4043 1025 4130 tegmine
1048 4063 1169 4130 corpus

217 4175 283 4240 390
327 4172 400 4239 Huc
422 4187 598 4257 properas,
622 4170 787 4256 templum
808 4171 920 4238 terrae
942 4170 1111 4256 proiectus
1133 4172 1271 4255 adoras3

326 4297 372 4363 At
393 4296 531 4365 subiisse
553 4313 690 4382 specum
714 4297 826 4383 (tanta
848 4296 899 4364 est
922 4295 1128 4384 reverentia)
1150 4301 1306 4366 sanctum

327 4422 472 4504 Abnuis,
496 4424 532 4490 et
554 4423 695 4490 memori
717 4422 851 4508 signnm
873 4425 935 4490 sub
958 4425 1056 4490 caute
1080 4423 1257 4509 relinquis;

326 4551 429 4627 Quale
453 4549 545 4617 videt
569 4549 740 4634 Solymae,
764 4567 866 4636 quam
889 4550 1001 4636 turpia
1023 4549 1166 4619 crimina
1188 4550 1342 4633 foedant,
