3564 5376
334 516 378 580 52
808 535 1072 588 monuncnmos

442 660 551 746 Atque
574 659 709 746 inopem
732 661 827 745 largo
847 664 1044 730 sustentant
1065 679 1207 731 munere
1229 663 1376 729 Patrem.

441 785 527 852 Nam
549 788 697 870 quantus
718 787 817 854 terris
838 787 967 871 luctus,
991 806 1093 873 quam
1116 786 1227 855 tristia
1249 786 1378 854 vexant

441 909 665 978 Christiadum
687 911 841 997 reginam
863 913 1002 993 urbem,
1035 931 1104 999 qua
1125 911 1235 980 carior
1255 927 1407 996 unquam

329 1035 395 1102 590
438 1034 612 1104 0661166116
633 1035 724 1104 haud
745 1036 815 1103 ulla
838 1035 921 1118 luit,
945 1054 1009 1104 nec
1032 1036 1203 1103 amantior
1224 1034 1312 1102 ulla!

438 1161 578 1228 Retibus
599 1164 639 1228 ut
661 1160 834 1243 volucres,
858 1162 905 1228 sic
928 1161 1205 1246 circumcingitur
1226 1160 1344 1242 hoste,

438 1284 501 1362 out
524 1284 637 1354 fremit
660 1253 851 1371 ‘attollitque
874 1285 961 1353 tras:
986 1287 1073 1354 ntus
1095 1286 1262 1372 imperat,
1286 1287 1325 1354 ut
1347 1284 1415 1351 tam

437 1408 606 1494 Principio
629 1425 763 1489 rerum,
787 1407 856 1476 lale
878 1407 1142 1493 irrumpentibus
1163 1407 1283 1490 undis,

433 1536 611 1620 -Usque
634 1533 699 1601 buc
721 1534 818 1600 -et
841 1534 968 1604 rabiem
992 1534 1120 1617 frangit
1142 1531 1328 1618 ductusque
1351 1532 1530 1599 tumentes

325 1657 391 1722 595
433 1658 599 1742 Tempora
620 1655 805 1723 volvuntur
827 1656 924 1724 varia
946 1657 1040 1724 vice:
1065 1657 1239 1724 moenibus
1261 1655 1339 1723 altis
1378 1704 1382 1712 .

435 1783 647 1850 Romulidum
669 1780 782 1849 densis
803 1783 988 1867 tempestus
1008 1782 1140 1868 ingruit
1161 1783 1304 1862 umbrls3

433 1910 479 1975 Α1
500 1908 610 1976 666116
632 1909 690 1976 lux
712 1908 805 1976 clara
827 1909 951 1993 micat,
975 1909 1148 1994 facilisque
1170 1925 1292 1976 sereno

431 2035 613 2103 Parthenia
635 2053 693 2104 ore
717 2036 812 2104 Patri
833 2053 991 2121 suprema
1013 2037 1049 2102 in
1071 2037 1151 2104 sede
1173 2034 1305 2102 sedenti

432 2163 609 2230 Protendit
632 2162 762 2249 palmas
784 2163 821 2230 et
841 2162 960 2230 amicis
981 2162 1118 2230 vocibus
1139 2161 1236 2229 infit:

321 2286 386 2353 600
431 2287 558 2372 Surge,
580 2305 600 2356 o
622 2304 725 2372 surge
749 2285 835 2366 mei,
861 2286 999 2368 Senior,
1022 2287 1215 2355 dulcissima
1237 2304 1336 2371 cura,

430 2415 500 2494 lu,
524 2412 632 2496 bone,
656 2430 711 2482 me
734 2411 841 2480 tantis
862 2413 1055 2480 conclamas
1077 2412 1247 2498 plausibus
1269 2412 1358 2480 orbis

429 2534 635 2622 Conceptam
657 2537 731 2602 sine
754 2536 851 2618 labe,
874 2553 964 2602 novo
987 2537 1023 2603 et
1045 2534 1234 2604 diademate
1257 2535 1386 2620 cingis;

429 2665 513 2730 Ecce
536 2660 597 2727 tibi
620 2661 720 2728 terris
741 2663 870 2730 sertum
893 2659 1054 2744 caeloque
1068 2660 1199 2762 'datura

429 2789 622 2856 Immortale
644 2788 772 2856 adsum.
797 2787 908 2856 Dixit:
932 2787 1050 2872 lugere
1073 2793 1233 2857 catervae
1245 2839 1254 2872 ,

317 2912 383 2978 605
428 2910 569 2978 Adversi
593 2911 710 2995 lugere
734 2911 854 2995 duces,
879 2929 942 2980 ceu
965 2909 1076 2978 sumus
1097 2912 1134 2978 ln
1156 2927 1275 2992 auras,

425 3037 531 3104 Tutus
553 3039 589 3103 et
609 3035 667 3104 1116
688 3055 787 3106 sacra
809 3039 948 3108 tandem
971 3038 1099 3106 ditione
1123 3026 1249 3122 potitus

424 3161 564 3244 Integra
586 3175 696 3242 regna
717 3161 831 3227 tenet:
854 3160 1060 3246 populosque
1082 3177 1126 3227 ex
1148 3177 1207 3227 ore
1229 3161 1370 3227 cruento

424 3283 556 3370 Abripit
578 3285 615 3350 et
636 3267 774 3352 centum
803 3285 902 3353 nodis
933 3288 1137 3372 centumque
1161 3285 1291 3353 catenis

422 3412 580 3492 Pestem,
603 3409 843 3495 indignantem
866 3410 1010 3492 frustra,
1033 3409 1184 3478 detrudit
1204 3427 1343 3479 averno.

313 3538 378 3605 610
421 3534 577 3603 Subridet
597 3552 665 3620 pax
687 3534 797 3618 61166,
820 3536 915 3604 Italis
938 3535 1066 3604 felicior
1088 3539 1183 3604 aetas

422 3662 563 3749 Incipit,
587 3665 623 3729 et
645 3662 776 3748 placido
799 3662 959 3731 labuntur
980 3663 1118 3732 saecula
1140 3681 1249 3732 cursu.

420 3787 595 3853 Pastorem
617 3784 728 3852 colere
750 3787 787 3852 61
809 3803 947 3870 regem,
972 3788 1146 3869 Romano,
1181 3788 1364 3854 memento.

418 3912 505 3978 Hinc
526 3911 587 3980 tibi
611 3912 729 3996 partus
750 3911 878 3998 honos,
901 3913 982 3981 hinc
1004 3914 1143 3998 grandis
1163 3912 1290 3998 gloria,
1312 3915 1436 3999 gentes

418 4038 506 4106 Hinc
528 4038 638 4122 regis,
660 4039 840 4108 aeternum
863 4039 943 4108 hino
966 4043 1038 4108 toto
1060 4039 1287 4108 dominaberis
1309 4041 1399 4108 orbe.

308 4165 373 4230 615
503 4165 606 4232 Fatus
628 4162 685 4230 ubi
706 4164 793 4232 haec
815 4165 949 4248 senior,
973 4164 1116 4233 demisso
1138 4165 1266 4252 poplite
1289 4165 1409 4252 palmis

416 4290 626 4376 Supplicibus
648 4290 874 4379 (populusque
898 4291 1006 4379 subit)
1030 4294 1077 4360 sic
1101 4311 1182 4360 voce
1206 4295 1410 4378 precantur:

417 4417 484 4497 Te,
505 4415 665 4502 splendor
687 4417 799 4484 Patris
820 4419 856 4484 et
878 4418 1005 4497 virtus,
1032 4420 1087 4501 16,
1112 4419 1184 4485 vita
1206 4419 1340 4486 tuorum

414 4538 659 4624 curistladum,
683 4543 779 4626 Iesu,
803 4542 933 4612 festivis
956 4541 1104 4610 tollimus
1127 4543 1282 4628 hymnis:
