3472 5360
216 477 221 488 ·
327 515 386 579 174
833 527 1029 579 Panormos

430 653 565 736 Prodit,
589 659 626 721 et
649 653 726 722 huic
749 637 1021 722 rursnm'iuveni
1046 651 1107 721 dat
1129 652 1244 722 vivere
1274 655 1390 724 vitam.

431 776 589 845 Dixerat:
613 778 649 844 et
671 777 771 844 coetu
794 775 975 844 confestim
998 777 1034 844 et
1055 776 1135 844 sede
1159 777 1271 846 Palati

430 899 584 982 Secedit,
610 899 725 968 faciles
747 901 869 968 Petrus
891 903 930 966 ut
951 899 1082 968 devitet
1105 899 1259 970 bonores

520 1026 674 1093 Portentl
700 1027 807 1092 totam
828 1023 929 1092 velox
952 1025 981 1092 it
1004 1025 1095 1092 lama
1117 1043 1179 1110 per
1202 1030 1341 1110 urbem:

320 1151 385 1218 525
430 1149 599 1219 Audivere
621 1149 686 1216 sati
710 1147 813 1231 Iuda,
836 1147 1000 1216 audivere
1023 1148 1180 1224 Quirites.

430 1274 498 1338 Hos
520 1271 611 1340 inter
633 1270 719 1354 legis
740 1269 841 1338 Musis
861 1273 1017 1338 servator
1038 1270 1168 1354 avitae,

429 1393 606 1476 Gamaliel,
629 1395 732 1460 noctu
756 1392 896 1459 Petrum
919 1390 1139 1462 incomitatus
1159 1394 1292 1481 adibat,

431 1519 539 1588 Multa
559 1519 696 1602 agitans
717 1515 842 1585 animo.
865 1517 949 1602 Hic,
973 1517 1165 1587 Scribarum
1189 1522 1288 1592 turba
1310 1525 1458 1593 tumultu

429 1645 539 1721 Quum
562 1643 719 1727 Solymae
743 1641 778 1709 in
802 1661 960 1728 proceres
983 1643 1132 1726 ihreret,
1156 1648 1245 1733 quod
1268 1648 1423 1716 Flamina
1446 1650 1501 1717 dio

319 1773 384 1838 530
430 1767 581 1850 Incensi,
605 1765 728 1836 christi
752 1767 804 1836 ius
826 1769 863 1834 ot
885 1772 1071 1855 praecepta
1093 1771 1276 1856 docerent,

428 1895 604 1964 Attonitae
627 1895 770 1962 edentes
793 1911 906 1962 rerum
930 1894 1095 1962 miracula
1117 1897 1228 1983 plebi;
1444 1985 1447 1992 γ

429 2020 481 2090 Sic
503 2019 573 2088 ait:
598 2019 625 2086 O
648 2017 750 2100 socii,
774 2017 937 2104 quidnam
960 2019 1161 2106 virgamque
1186 2039 1371 2110 necemque

429 2147 604 2212 Intentate
630 2143 734 2212 virisl
757 2145 844 2212 Deus
867 2143 920 2210 his
941 2143 968 2212 si
993 2143 1078 2213 talia
1099 2150 1273 2232 praestat,

428 2270 483 2336 Nil
505 2245 632 2357 poterit
654 2269 855 2356 prohibero,
879 2271 915 2336 et
940 2269 1017 2338 nisu
1039 2271 1181 2340 obstatis
1203 2273 1297 2342 inani
1310 2293 1319 2356 ;

318 2398 384 2464 535
428 2396 486 2464 Sin
508 2395 631 2480 alitor,
655 2413 709 2464 res
731 2397 805 2482 ipsa
826 2396 946 2465 cadet:
973 2405 1160 2467 memorate
1183 2399 1354 2466 Theodam

430 2527 471 2592 Et
494 2523 613 2592 ludam
638 2525 846 2592 memorate:
869 2523 1011 2591 adverso
1036 2524 1183 2592 Numine
1207 2525 1339 2594 iactant

428 2651 600 2735 Nusquam
623 2648 759 2717 audita:
786 2667 891 2734 vapor
915 2651 1055 2718 tenuem
1078 2652 1117 2716 ut
1140 2651 1297 2720 vanescit
1318 2651 1355 2720 in
1378 2671 1518 2734 auram,

429 2775 482 2844 Sic
504 2775 654 2858 abeunt,
679 2775 728 2842 nil
751 2778 786 2844 et
808 2776 962 2861 prodest,
987 2775 1069 2861 quin
1093 2795 1181 2845 unus
1203 2779 1239 2846 et
1260 2776 1351 2845 alter

281 2877 286 2884 ¹
428 2903 594 2989 lleoeptor
616 2901 689 2969 diro
713 2901 854 2970 meritas
875 2900 961 2969 dant
985 2901 1105 2970 iuuere
1127 2919 1264 2989 poenas
1328 2880 1332 2886 ¹

319 3031 384 3096 540
516 3031 605 3114 Ergo
628 3026 813 3111 Gamaliel,
838 3029 967 3096 Romae
990 3045 1094 3113 quum
1117 3025 1205 3096 sorte
1229 3033 1402 3111 maneret,

430 3155 537 3224 Multa
558 3173 660 3242 super
684 3157 759 3224 Iesu
782 3155 936 3241 roffl'tans
958 3154 1125 3241 factisque
1148 3130 1314 3224 novorum

426 3280 675 3361 christiadum,
698 3279 797 3348 dictis
819 3281 960 3349 Petrum
983 3279 1167 3367 compellat
1188 3281 1316 3350 amicis

428 3409 577 3478 Comiter
598 3408 656 3478 ille
678 3425 798 3476 senem
820 3408 998 3494 amplexus
1018 3411 1194 3495 gratatur,
1218 3411 1254 3478 et
1270 3410 1366 3478 inllt:

428 3534 499 3602 Scis
522 3535 608 3602 bene
631 3533 762 3618 quanta
785 3533 873 3600 Deus
894 3532 1026 3602 dederit
1057 3533 1070 3621 t
1082 3534 1121 3600 tu
1142 3550 1292 3620 namque
1315 3535 1520 3622 magister),

318 3661 385 3727 545
430 3658 596 3728 lsacldum
617 3657 759 3745 generi:
783 3659 910 3746 captivi
934 3659 1070 3728 vincula
1092 3658 1193 3727 solvit

430 3785 496 3852 Per
519 3784 691 3863 monstra,
715 3783 751 3849 et
773 3782 902 3868 phariis
923 3786 1079 3870 ereptum
1102 3799 1146 3850 ex
1168 3782 1319 3852 hostibus
1342 3783 1452 3852 undas

429 3906 615 3974 Transtulit
636 3905 673 3972 in
697 3904 826 3975 medias
847 3905 936 3975 sicco
957 3907 1065 3993 pede,
1090 3907 1232 3993 pinguia
1254 3908 1391 3976 tandem

430 4033 509 4100 Post
531 4033 643 4101 varios
665 4051 763 4100 casus
785 4032 904 4101 tribuit
925 4031 1162 4102 chananitidis
1184 4051 1277 4102 arva.

429 4161 472 4227 Et
493 4160 639 4246 quatuor
660 4159 758 4229 denis
778 4161 900 4230 inddos
922 4159 1063 4247 pertulit
1084 4161 1187 4228 annis

320 4287 385 4351 550
430 4285 648 4353 ,lbramldum
671 4302 802 4368 mores,
827 4303 1045 4371 quamquam,
1069 4287 1154 4353 duce
1176 4289 1213 4353 et
1235 4287 1371 4371 auspice
1394 4287 1508 4370 Mose,

433 4411 474 4478 nt
496 4410 590 4498 leges
613 4411 719 4478 ferret
741 4411 879 4479 sanctas
910 4415 947 4480 et
969 4410 1044 4479 iura
1064 4429 1247 4480 sacrorum.

431 4535 519 4614 Quin
541 4539 603 4604 sub
625 4536 789 4606 iudicibus
810 4538 914 4625 quina
936 4541 973 4606 et
995 4555 1057 4626 per
1077 4538 1212 4608 saecula
1237 4539 1370 4608 nostros
