3576 5376
789 527 902 578 vuum
1384 507 1448 574 409

356 655 441 723 Dum
465 669 524 719 vce
544 669 683 720 somnus
703 653 808 722 habet
829 653 1010 738 magnoin
1036 653 1228 722 discrimine
1251 667 1383 732 rerum,

444 777 504 845 llle
528 777 610 864 vigil
632 781 748 846 servat
770 779 890 846 limina
911 797 1008 847 sacra
1032 779 1127 847 lovis.

822 1011 869 1076 xl

742 1204 790 1254 AD
812 1203 951 1254 Allicvll

357 1417 399 1483 Bt
422 1416 547 1487 nitidus
568 1417 663 1500 sons,
686 1419 722 1484 et
745 1416 875 1484 fontem
898 1416 1134 1502 complectitur
1155 1420 1275 1486 umbra

443 1544 608 1626 Quercus,
632 1543 669 1610 et
691 1543 743 1609 est
766 1541 860 1610 nullo
883 1540 1016 1611 mollior
1037 1543 1145 1611 herba
1165 1543 1256 1624 solo;

355 1667 397 1734 st
419 1667 528 1735 violae
550 1667 678 1735 circum
699 1663 823 1734 florent
844 1683 1033 1753 suavesque
1056 1667 1254 1752 hyacinthi,

442 1790 598 1859 Ventilet
618 1793 654 1859 et
676 1788 802 1858 virides
822 1789 956 1870 mobilis
977 1809 1062 1858 aura
1083 1809 1218 1859 comas:

356 1914 418 1983 Hic
440 1919 560 2000 grato,
583 1915 765 1997 Sneidere,
793 1916 868 1984 toro
891 1915 1028 1984 conside
1051 1934 1254 2004 parumper,

442 2040 485 2107 st
506 2039 641 2109 dabitur
664 2056 770 2108 verno
800 2041 953 2126 tempore
976 2039 1072 2108 dulce
1096 2040 1171 2107 frui.

804 2233 878 2338 ⁴nu

578 2465 616 2514 IN
638 2463 799 2514 mumdum
822 2464 951 2514 MALVM
974 2463 1118 2514 Poenum

356 2679 440 2745 Dum
462 2677 633 2760 medicus,
662 2677 787 2746 multos
808 2677 865 2764 qui
887 2677 956 2745 iam
979 2678 1153 2746 dimiserat
1174 2695 1273 2760 orco,

443 2805 590 2871 Pindum
611 2803 811 2890 sanguineis
831 2803 998 2890 arriperet
1021 2805 1199 2886 manibus,

355 2928 496 3015 Aspice,
519 2947 599 2997 mox
621 2926 757 2997 Phoebo
780 2927 924 3014 pavidae
947 2930 1064 2998 dixere
1086 2946 1238 3011 sorores,

444 3057 563 3143 Aspice
584 3055 675 3141 quod
696 3055 794 3123 nobis
813 3055 972 3123 imminet
994 3054 1185 3123 excidium:

356 3184 530 3255 Pallentes
550 3198 666 3249 secum
687 3183 821 3250 morbos
841 3183 879 3250 et
900 3180 1023 3250 limera
1045 3181 1120 3248 dira

443 3309 505 3376 Hie
527 3305 634 3375 trahit
655 3308 691 3374 et
712 3307 825 3391 pestes
846 3308 884 3374 et
905 3323 1015 3391 genus
1036 3323 1138 3373 omne
1161 3304 1252 3372 mali.

357 3439 450 3504 Tunc
472 3433 648 3502 Phoebus:
671 3432 793 3500 Procul
814 3433 913 3516 hinc,
937 3431 1130 3500 conclamat
1146 3432 1294 3517 percitus
1316 3431 1383 3512 ira,

443 3559 530 3628 Hinc
552 3557 688 3645 procul,
717 3556 926 3642 indignans
950 3575 1028 3626 mea
1051 3560 1156 3642 tange
1179 3573 1293 3624 manu.

807 3788 886 3854 Xlll

586 3983 624 4033 [n
647 3982 818 4033 nominum
840 3979 1050 4032 umevacum
1073 3962 1106 4022 (l)

358 4199 421 4276 Qui
443 4198 615 4266 blaterans
637 4212 773 4264 omnem
797 4195 890 4264 dedit
911 4193 1149 4263 obsurdescere
1171 4197 1311 4280 gentem

443 4320 626 4402 Garrulus,
653 4320 709 4389 hie
730 4321 870 4389 tandem
893 4319 1050 4388 conditur
1071 4319 1108 4387 in
1131 4318 1281 4401 tumulo;

321 4539 357 4598 (1)
373 4537 449 4585 versic
463 4537 533 4584 llsllci
549 4535 728 4595 epigrammatis:
746 4537 775 4582 In
790 4541 871 4596 questu
887 4535 966 4582 tomba
981 4547 1025 4582 wc.
