3564 5376
701 469 812 519 nrann
846 469 1025 520 sncvnnvs
1420 454 1463 518 39

367 602 584 688 Fulguruque
607 601 798 685 imbresque
820 599 923 684 atque
945 597 1023 664 imis
1044 597 1148 666 maris
1169 603 1284 669 aestus
1305 601 1442 669 arenisl

368 727 539 813 Numquid
561 743 645 812 opus
667 724 783 793 renuis
805 723 964 792 tantum?
986 723 1148 794 desistere
1171 726 1299 812 coeptis

367 857 421 923 An
444 873 506 922 nos
527 852 711 940 cogemur?
733 853 886 919 sanctam
910 850 958 919 sic
982 851 1147 937 conspicis
1168 853 1304 938 aedem,

366 968 512 1048 Maxime
536 980 609 1048 Dux
630 976 813 1064 superum?
835 976 947 1044 Nostri
970 977 999 1044 si
1021 995 1103 1045 cura
1124 977 1312 1062 remordet,

257 1106 321 1170 175
365 1103 460 1170 Affer
481 1119 598 1188 opem:
632 1100 734 1168 viden
757 1101 796 1166 ut
819 1099 941 1186 vulgus
962 1099 1123 1167 dilabitur
1144 1117 1263 1182 omne,

363 1231 473 1314 thue
495 1229 624 1296 abeunt
644 1225 768 1312 trepidi
776 1226 821 1292 l...
846 1227 955 1292 Iactat
977 1223 1056 1292 dum
1078 1224 1162 1293 talia
1185 1228 1350 1311 Drymas,

363 1351 461 1418 Haud
484 1347 573 1433 fugit
593 1348 683 1434 ipse,
707 1348 841 1416 animos
862 1350 899 1415 et
920 1347 1017 1414 vultu
1039 1349 1076 1414 et
1098 1348 1235 1416 vocibus
1257 1349 1359 1417 addit

366 1477 500 1561 Atque
521 1476 618 1560 perte
641 1489 761 1541 recens
783 1472 939 1541 Michaeli
962 1472 1119 1542 conditur
1141 1473 1242 1543 aedes

363 1602 559 1686 Tempestas
580 1599 654 1666 sine
677 1617 771 1666 more
794 1597 893 1682 furit,
916 1599 1097 1685 rapiuntur
1118 1600 1154 1666 in
1177 1619 1278 1668 auras

258 1729 319 1795 180
363 1728 563 1812 Roboraque
594 1724 821 1809 ingentesque
845 1726 975 1808 trabes,
1010 1723 1151 1810 imisque
1174 1725 1313 1794 latebris

363 1850 601 1921 Fundamenta
623 1850 741 1918 labant
762 1851 823 1916 aut
844 1852 942 1917 vasto
964 1852 1121 1918 absorbet
1143 1851 1239 1933 biatu

362 1978 468 2043 Terra
489 1977 657 2056 tremens,
681 1972 875 2060 lapidesque
897 1973 1056 2041 rubentia
1078 1973 1221 2042 fulmina
1243 1975 1416 2061 frangunt.

361 2101 536 2184 Diriguere
559 2115 694 2166 omnes:
718 2115 816 2166 mens
837 2100 891 2165 est
912 2097 1159 2184 trepidantibus
1180 2118 1251 2168 una

363 2223 533 2307 Diffugere
555 2223 592 2289 et
624 2224 789 2307 specubus
809 2238 883 2290 sese
905 2220 1050 2306 altisque
1072 2221 1196 2290 abdere
1218 2223 1327 2308 silvis,

254 2351 317 2417 185
360 2351 432 2427 Quo
456 2347 557 2415 timor
579 2346 739 2434 impellit:
763 2346 902 2432 pavidos
923 2348 1077 2416 amentia
1098 2343 1198 2435 cepit.

359 2475 422 2542 Ast
442 2471 500 2541 ubi
521 2472 659 2540 rescivit
680 2471 809 2558 stygios
831 2473 1035 2540 Laurentius
1056 2492 1157 2542 ausus

359 2600 402 2667 lit
422 2615 514 2666 nova
536 2615 622 2684 quae
643 2615 775 2666 summo
797 2598 948 2682 Gargani
971 2603 1088 2669 monte
1111 2603 1295 2685 geruntur,

358 2723 524 2811 Ingemit,
546 2725 817 2810 approperatquo
840 2723 958 2810 iugum
965 2747 974 2809 ;
998 2728 1071 2793 tum
1094 2726 1222 2812 templa
1244 2725 1364 2794 relicta

359 2852 602 2935 Desertumque
624 2849 735 2918 locum
758 2848 852 2919 videt
881 2869 1084 2937 eversosque
1106 2851 1253 2920 labores:

250 2977 312 3043 190
356 2975 525 3062 Ingemit,
548 2977 585 3043 et
606 2993 726 3043 calmas
748 2975 876 3042 irarum
900 2979 1017 3045 mente
1039 2963 1181 3044 volutat.

358 3104 399 3169 Ut
420 3119 518 3170 sacer
538 3099 679 3169 advenit
701 3101 853 3188 praesul,
885 3101 1003 3188 fugere
1027 3105 1186 3170 catervae

278 3261 280 3266 ·
356 3229 559 3298 Tartareae:
582 3226 714 3313 placido
736 3229 891 3296 actutum
913 3228 1010 3296 stetit
1031 3247 1178 3315 aequore
1202 3220 1342 3316 pontus',

285 3443 291 3454 Ι
356 3354 399 3419 Et
420 3354 528 3420 nubes
548 3351 663 3420 abiere
686 3352 781 3438 polo:
804 3353 855 3420 sol
878 3353 1024 3439 fulgidus
1046 3372 1111 3422 axe

356 3476 519 3546 Caeruleo
541 3479 650 3544 totum
673 3477 822 3564 perfudit
842 3478 972 3548 lumine
995 3481 1155 3548 montem.

249 3605 311 3672 195
355 3606 449 3670 'lunc
471 3602 606 3670 animus
627 3602 728 3670 rediit
752 3603 979 3690 fugientibus,
1003 3605 1109 3674 affore
1131 3606 1190 3672 vix
1214 3609 1293 3675 dum

356 3728 557 3796 Pontificem
579 3730 722 3796 norunt:
746 3729 856 3815 posita
880 3729 1059 3797 tormidine
1083 3731 1197 3798 cuncti

356 3853 546 3922 Adiuxere:
569 3855 637 3921 suis
658 3852 786 3922 solatur
808 3856 947 3923 vocibus
969 3855 1058 3942 ipse:

355 3979 418 4057 Qui
441 3979 542 4048 timor
564 3980 628 4050 iste
651 3981 779 4049 novusl
803 4000 881 4050 mea
903 3982 1015 4051 dulcia
1037 3985 1198 4071 pignora,
1222 4005 1370 4072 quonam

354 4105 406 4172 Sic
428 4105 526 4174 ruitis
546 4105 679 4174 subitol
702 4107 879 4176 confidite:
903 4126 975 4177 non
997 4129 1062 4196 ego
1084 4114 1199 4180 vester

245 4231 311 4298 200
355 4233 398 4299 Et
418 4233 518 4317 pater
539 4235 576 4300 et
596 4233 729 4301 custos?
750 4235 890 4321 pavidas
912 4235 1071 4321 depellite
1094 4255 1201 4305 curas.

355 4360 531 4446 Inceptine
554 4361 671 4446 pigetl
694 4363 856 4448 numquid
870 4363 944 4430 sine
961 4364 1102 4432 numine
1125 4365 1245 4432 Divum

355 4483 553 4554 admovisse
576 4505 698 4556 manus
719 4489 813 4575 operi
845 4491 1026 4576 tantosque
1048 4490 1181 4558 labores
