3564 5376
684 573 796 624 ursan
829 573 1007 626 sucvsnvs
1403 557 1441 622 51
1485 583 1488 592 ⁷

238 700 305 765 555
350 702 453 768 Tecta
473 701 595 786 patent
617 700 769 783 miseris3
791 701 982 770 sollertibus
1004 699 1093 768 atria
1115 699 1254 784 scalpris

351 822 473 908 Ampla
493 824 638 890 sonant:
661 823 818 892 excultae
840 825 951 905 artes,
976 840 1097 890 manus
1119 821 1265 906 impigra
1287 817 1393 904 plebis

351 949 518 1016 Assuescit
540 948 624 1017 duro
646 949 739 1018 vitae
760 949 822 1017 sub
843 967 925 1018 vere
948 948 1063 1016 labori.

350 1072 412 1140 Hic
433 1072 556 1142 viduae
577 1077 719 1161 tergunt
740 1074 916 1158 lacrimas,
940 1073 995 1141 hic
1016 1073 1178 1159 grandior
1198 1073 1295 1140 aetas

351 1197 514 1267 Effractas
534 1202 673 1286 reparat
695 1201 804 1283 vires,
828 1199 1029 1285 tardamque
1051 1199 1225 1266 senectam

239 1323 306 1388 560
352 1325 468 1409 Ducit,
492 1325 678 1394 honoratae
700 1327 738 1394 et
759 1325 882 1394 florent
904 1325 1031 1393 virtuto
1052 1324 1207 1422 puellae,

351 1451 464 1534 Quae,
487 1451 588 1520 nimis
608 1453 677 1519 heu
699 1451 785 1519 cito!
811 1453 925 1538 raptos
947 1451 1146 1536 ingemuere
1169 1451 1338 1535 parentes.

351 1576 412 1644 Hic
434 1576 500 1644 erit
521 1579 557 1645 et
579 1579 697 1663 vates,
719 1596 816 1646 sacro
837 1577 895 1662 qui
918 1576 1070 1644 carmine
1093 1576 1211 1644 laudes

352 1701 457 1769 Corde
479 1703 559 1788 pio,
583 1703 746 1786 Michaei,
771 1705 853 1771 avet
876 1703 913 1769 et
934 1703 995 1769 tua
1016 1701 1128 1770 dicere
1151 1700 1252 1768 facta.

354 1828 572 1912 Magnanime
594 1829 639 1897 ah
662 1848 800 1916 precor,¹
821 1831 1035 1915 oPrinceps‚
1059 1847 1195 1915 precor,
1219 1844 1280 1895 ore
1304 1825 1452 1910 benigno

240 1947 307 2014 565
350 1949 470 2034 Aspice
493 1952 529 2019 et
550 1952 728 2035 orantem,
751 1969 816 2018 uec
839 1951 1024 2036 dedignare
1046 1951 1239 2018 canentem.
1277 1963 1282 1970 ·

352 2074 508 2142 Gemitur
529 2076 585 2143 hic
606 2077 726 2160 heros,
749 2076 874 2146 florens
896 2077 975 2144 dum
998 2078 1151 2145 curreret
1173 2092 1319 2156 aevum,

353 2200 395 2266 Et
415 2201 517 2268 solari
539 2217 661 2288 aegros
692 2202 920 2289 iuvenumque
955 2201 1119 2288 effingere
1142 2218 1253 2268 mores

353 2324 444 2394 Mitis
465 2343 604 2410 amans;
627 2327 724 2395 ilium
746 2329 881 2396 matura
900 2329 1016 2396 aetate
1040 2329 1225 2395 Parentem

354 2452 579 2520 Christiadum
602 2453 731 2520 Romae
753 2471 922 2521 summum
944 2452 1101 2521 diadema
1123 2455 1274 2521 coronat.

243 2575 311 2640 570
355 2574 500 2658 Oitali,
523 2595 544 2642 o
567 2575 659 2643 Itali!
684 2593 771 2662 qnae
794 2595 856 2644 vos
876 2575 1049 2644 dementia
1072 2575 1199 2644 vexati

355 2702 426 2778 Quo
449 2701 563 2768 miseri
586 2702 683 2769 ruitis
698 2703 715 2784 t¹
734 2719 898 2788 magnum
920 2721 981 2770 cur
1002 2702 1141 2770 nomine
1165 2702 1303 2769 Patrem

355 2824 398 2890 Et
419 2824 548 2909 pietate
570 2825 670 2892 Pium
692 2826 820 2893 crudeli
842 2825 947 2912 figitis
969 2825 1064 2894 ictui

357 2953 464 3019 Eccur
483 2951 614 3019 insidiis
635 2953 775 3038 populos
796 2953 948 3040 agitare,
970 2954 1121 3041 dolisque

355 3079 492 3146 Mentiri
513 3078 646 3146 dulcem
668 3079 816 3166 patriam
838 3081 874 3148 et
896 3083 1116 3167 praevertere
1138 3079 1226 3147 sacri

244 3204 312 3270 575
355 3199 522 3290 Principis
543 3205 723 3291 imperium
746 3207 782 3273 et
804 3223 890 3292 quae
913 3205 1079 3292 reiigione
1101 3203 1253 3274 verenda

356 3329 509 3416 Flagitiis
530 3331 692 3414 miscere,
716 3331 776 3400 Dei
799 3348 864 3400 nec
885 3349 1027 3418 parcere
1050 3331 1202 3417 temploi

356 3452 481 3521 Umbra
502 3453 597 3522 favet
619 3454 749 3522 noctis:
772 3453 935 3540 Princeps
957 3472 976 3522 e
1000 3453 1086 3522 colle
1110 3453 1263 3538 Quirini,

357 3573 460 3642 Albas
481 3578 604 3644 exutus
625 3577 737 3644 vestes
759 3577 935 3663 positaque
958 3576 1065 3657 tiara,

356 3698 577 3766 incomitatus
597 3699 688 3767 abit:
712 3699 855 3768 Michael
879 3702 1010 3768 tutatur
1033 3701 1193 3782 euntem,

246 3823 313 3888 580
356 3821 611 3909 Hospitiumque
635 3825 736 3909 parat
757 3823 873 3910 regale
896 3826 933 3892 et
954 3823 1035 3890 litus
1056 3823 1203 3891 amicum

357 3950 407 4017 Ac
429 3948 576 4018 reditum
598 3949 788 4018 laetantem
810 3950 921 4019 almae
944 3951 1036 4019 inter
1058 3949 1194 4019 moenia
1216 3951 1355 4017 Romae.

357 4078 402 4144 At
425 4094 515 4143 nova
538 4077 698 4145 tartareis
720 4077 867 4163 erumpit
889 4076 988 4146 foeda
1010 4077 1165 4145 cavernis

332 4201 492 4286 ,Bellua,
516 4203 619 4270 dente
643 4202 715 4271 iero
736 4202 868 4288 rapitur
889 4221 968 4288 pars
989 4203 1119 4288 optima
1140 4201 1248 4288 plebis

358 4329 524 4414 Principis
546 4329 681 4413 augusti
703 4333 857 4416 sceptro:
891 4349 962 4398 non
984 4329 1100 4397 deficit
1122 4346 1263 4414 usquam

249 4456 315 4522 585
361 4453 495 4521 Auxilio
519 4453 686 4538 Michael,
708 4454 834 4523 attollit
855 4455 974 4541 signa,
998 4458 1187 4541 sequuntur

358 4582 502 4652 Nomine
524 4582 581 4668 qui
605 4584 702 4650 tanto
723 4584 896 4669 gaudent,
920 4587 1111 4670 coeuntque
1134 4582 1269 4650 sodales
