3560 5368
699 511 810 561 Lluuu
832 511 982 562 TERTIVS

235 642 301 707 295
344 640 503 709 Cruribus
525 641 691 723 effractis,
719 640 858 709 attritus
879 657 1018 726 corpore
1041 641 1135 722 toto,

346 767 499 836 Caesaris
521 769 566 835 ad
587 767 708 835 solium
730 767 851 836 infelix
874 769 963 835 ruit:
986 769 1063 836 atra
1084 782 1205 835 cruore

344 894 449 961 Terra
471 895 591 977 rubet,
614 895 723 980 guttis
745 897 885 978 tegmen
908 894 1025 982 rogale
1049 892 1221 962 madescit.

345 1014 391 1082 At
413 1017 502 1083 Nero
524 1015 670 1085 crudelis
692 1015 741 1083 nil
763 1034 843 1085 casu
866 1019 978 1084 motus
999 1015 1142 1098 acerbo,

346 1138 460 1207 llludit
483 1141 605 1209 misero
628 1141 727 1210 dictis
757 1141 914 1228 turpique
948 1140 1138 1223 cachinno,

233 1263 299 1328 300
344 1265 395 1331 Ac
415 1264 523 1332 solum
545 1268 751 1353 approperat
772 1266 968 1335 sordentem
991 1283 1118 1352 ponere
1143 1268 1273 1333 vestem
1285 1282 1295 1345 ;

346 1391 456 1458 Tanta
478 1391 592 1459 animo
616 1392 735 1460 feritas
756 1392 852 1461 sedet
874 1394 911 1459 et
937 1390 1116 1476 neglectus
1129 1390 1248 1457 amici.

346 1514 411 1582 Sed
431 1517 542 1585 sancti
563 1519 693 1586 Heroes
714 1535 830 1602 omum
852 1519 892 1586 ut
913 1534 1062 1600 novere,
1090 1516 1237 1598 Tonanti

345 1642 548 1711 Persolvunt
569 1644 710 1711 meritas
731 1647 847 1728 grates
867 1645 904 1711 ot
926 1660 1055 1710 numen
1077 1642 1224 1710 adorant

345 1768 542 1853 Propitium.
567 1768 662 1837 Facti
684 1759 801 1853 testis,
825 1768 1021 1837 mollescere
1044 1767 1117 1834 visa

235 1891 300 1956 305
344 1890 434 1958 Dura
455 1891 542 1960 silex
574 1909 793 1979 genuumque
816 1892 911 1959 Petri
934 1889 1080 1976 vestigia
1104 1889 1202 1956 ferre.

334 2015 405 2082 -llle
428 2016 507 2082 hinc
529 2017 666 2084 cedenti
689 2016 812 2104 populo
835 2015 1040 2085 commixtus
1062 2013 1189 2082 abibat.

345 2141 507 2210 Attamen
531 2142 621 2209 haud
643 2143 764 2210 latuit:
792 2145 912 2210 eontra
934 2160 1082 2229 namque
1106 2140 1224 2208 delius
1246 2139 1319 2206 alta

344 2265 429 2333 Sede
454 2265 603 2334 Palatini
626 2267 802 2336 seniorem
825 2266 952 2352 poplite
975 2284 1079 2333 curro

345 2390 600 2478 Tollentemque
622 2409 744 2460 manus
759 2391 854 2460 caelo
876 2392 1074 2478 conspexit,
1099 2393 1135 2458 et
1157 2406 1228 2457 una

234 2517 299 2581 310
343 2515 514 2584 Simonem
536 2535 656 2586 ruere:
680 2522 717 2588 et
738 2517 834 2604 lapsu
856 2516 1030 2603 percrdsus
1051 2516 1175 2599 amici,

346 2641 529 2726 Explorare
553 2643 627 2710 vias
648 2661 767 2711 omnes
788 2645 824 2710 et
847 2643 1016 2728 compita,
1041 2641 1168 2708 vindex

343 2767 389 2833 Ut
411 2770 516 2853 queat
537 2768 656 2835 infami
680 2771 819 2837 Petrum
842 2770 1028 2855 deperdere
1052 2768 1141 2834 leto:

345 2893 426 2960 Visa
449 2893 614 2977 Tigellino
638 2898 775 2979 narrat,
800 2913 864 2962 nee
888 2894 1003 2980 segnis
1027 2895 1170 2978 uterque

348 3017 466 3085 Ulcisei
488 3021 665 3102 statuunt,
689 3020 811 3087 animis
832 3022 933 3087 vetus
955 3019 1006 3087 ira
1028 3017 1185 3101 resurgit.

226 3147 301 3212 ’315
345 3146 415 3213 Nec
438 3147 560 3213 Petnrs
581 3147 735 3231 aufugit:
759 3147 817 3214 sed
841 3147 908 3214 iam
933 3165 1024 3213 nunc
1046 3145 1163 3212 debita
1184 3142 1317 3212 Christo

347 3267 494 3336 Victima
516 3287 552 3336 se
576 3287 804 3357 quoscumque
827 3273 928 3357 parat
945 3269 1085 3338 subiisse
1109 3267 1250 3336 labores.

344 3395 412 3460 Nec
435 3395 531 3462 deest
554 3394 684 3478 officio,
709 3414 857 3481 curaque
882 3395 1068 3481 impensius
1090 3393 1183 3462 omni

344 3515 479 3584 Grande
503 3516 743 3600 ministerium,
766 3517 919 3585 Christus
940 3516 1029 3603 quod
1052 3515 1216 3597 credidit,
1240 3514 1379 3600 implet:

344 3641 441 3707 Haud
464 3640 565 3708 aliter
586 3642 751 3709 moritura
773 3643 877 3709 micat
905 3659 1005 3727 mage
1028 3640 1144 3708 vivida
1165 3638 1249 3732 flatu

235 3765 300 3831 320
345 3764 624 3853 splendidiorque
646 3766 759 3834 vibrat
782 3766 839 3835 fan
864 3767 935 3853 ipso
952 3768 989 3833 in
1012 3766 1133 3834 funere
1157 3765 1279 3833 lucem.

345 3890 438 3958 Haec
459 3890 552 3958 inter
575 3890 776 3974 benefacta,
801 3892 864 3959 feri
886 3891 1066 3976 regnantis
1087 3892 1130 3958 ob
1153 3851 1260 3969 iram‘,

346 4013 521 4099 abripitur
543 4015 660 4082 furtim
683 4033 852 4101 caecoque
875 4014 1068 4083 obtruditur
1090 4016 1200 4082 antro.

432 4141 476 4206 At
499 4138 581 4205 mihi
604 4140 673 4206 iam
696 4140 950 4209 liceat*terram
974 4143 1157 4227 penetrare
1180 4139 1243 4205 sub
1266 4139 1369 4206 imam

345 4265 387 4331 Et
410 4265 605 4334 Mamertini
628 4266 765 4352 spelaea
786 4266 942 4335 carentia
975 4266 1051 4335 luce

234 4389 300 4454 :325
345 4388 484 4471 Visam,
508 4390 564 4456 ubi
587 4408 721 4458 rursum
744 4391 918 4460 coniectus
940 4390 977 4458 ln
1000 4407 1122 4476 aspera
1148 4392 1272 4458 Petrus

345 4513 467 4582 Vincla
488 4513 604 4604 sedet,
628 4515 734 4585 Paulo
757 4516 886 4597 socius;
909 4514 1112 4601 penitusque
1135 4516 1270 4600 reposto
