3576 5376
773 538 910 589 numera
931 539 970 588 xi
1407 522 1472 588 339
1598 583 1602 596 ,

380 665 494 734 Nescit
516 668 553 735 et
575 665 646 752 ipse
675 665 784 748 latro,
819 665 1000 752 divumque
1023 663 1254 751 hominunque
1277 666 1453 750 potentem

465 793 586 859 Fessus
607 807 707 874 eum,
733 790 876 886 supplex
896 807 1005 876 regna
1028 791 1128 858 beata
1148 789 1256 875 petit3

380 911 531 1000 A'ccipit,
561 917 598 983 ct
620 915 768 984 iucunda
789 933 908 1001 preces
930 914 1092 1001 promissa
1110 917 1300 1000 sequuntur

294 1035 338 1100 60
468 1038 581 1105 Haec:
612 1038 659 1104 Te
681 1054 814 1104 mecum
837 1035 936 1105 hodie
957 1036 1070 1106 sidera
1090 1053 1223 1104 summa
1255 1035 1407 1100 manent.

381 1161 469 1246 l'lrgo
490 1179 586 1230 sume
608 1161 760 1241 animos,
784 1162 937 1246 Solyma,
967 1164 1224 1247 extremamque
1246 1161 1365 1244 rogato

467 1288 563 1354 Hanc
586 1288 744 1369 reniam,
767 1287 887 1356 sceleri
910 1291 1026 1374 parcet
1049 1289 1086 1356 et
1107 1287 1163 1354 illc
1186 1287 1255 1353 tuo.

315 1447 318 1452 ·
382 1410 501 1495 Aspice
525 1413 564 1477 ut
584 1411 762 1496 amplexus
783 1429 852 1478 non
875 1410 1077 1496 dedignatus
1107 1408 1235 1479 amicos

468 1536 612 1604 Brachia
633 1537 836 1622 protendat,
862 1537 1155 1624 sanguineumque
1178 1537 1279 1621 caput

294 1663 338 1728 65
382 1661 556 1744 inflectat,
590 1663 681 1731 mitis
702 1662 862 1732 morienti
885 1666 922 1730 et
942 1663 1071 1731 lumine
1093 1664 1235 1741 cernat,

449 1785 518 1886 ¹Ac
539 1787 666 1869 tacita,
689 1787 873 1857 ostendens
894 1787 1059 1870 vulnera,
1085 1790 1201 1856 mente
1223 1785 1343 1854 vocet!

380 1912 473 1979 Haec
494 1928 559 1996 ego
581 1912 750 1981 iactabam
773 1911 919 1981 trustra:
943 1912 1035 1980 ierus
1056 1912 1160 2004 audet
1181 1910 1280 1978 Iudas

468 2035 579 2126 Usque
601 2053 711 2119 nova,
734 2053 754 2104 e
777 2035 866 2104 tristi
888 2034 1009 2122 pocula
1032 2033 1112 2103 felle
1134 2035 1243 2119 parat

382 2159 591 2228 Omiseram
613 2159 742 2245 genus!
766 2161 853 2228 haec
874 2159 1034 2229 immanis
1055 2159 1200 2228 crimina
1222 2157 1367 2240 mentis,

295 2286 338 2351 70
468 2283 610 2354 crudele
633 2286 698 2355 hoc
720 2285 852 2354 facinus
872 2288 1008 2373 tempus
1036 2286 1073 2353 in
1094 2302 1196 2353 omne
1217 2283 1297 2352 lues

381 2408 529 2478 Oblitum
552 2409 682 2494 Regem
705 2409 795 2496 iugis
828 2409 1058 2496 infamemque
1081 2407 1216 2492 repellis

468 2531 661 2617 Suppliciis,
685 2531 758 2601 diro
781 2533 892 2618 prodis
914 2535 952 2600 et
973 2532 1097 2602 exitio:

383 2658 429 2725 At
451 2661 532 2743 quot
553 2661 634 2726 sunt
656 2659 779 2744 gentes
799 2659 970 2728 christum
992 2658 1243 2745 amplectentur
1263 2660 1433 2736 amantes,

469 2783 704 2870 Attollentque
726 2801 825 2868 aras,
851 2787 888 2854 et
909 2785 967 2870 pia
987 2785 1069 2852 vota
1092 2783 1214 2852 terent.

296 2911 339 2975 75
384 2909 472 2976 Ante
495 2908 707 2978 salutiimum
729 2911 951 2995 procumbant
972 2909 1098 2996 poplite
1129 2909 1280 2994 lignum,

469 3033 539 3100 Nec
562 3036 633 3116 sat3
655 3034 722 3103 erit
742 3034 858 3102 multis
880 3033 979 3102 lenus
1000 3033 1094 3101 obire
1116 3049 1236 3101 necem

383 3158 449 3223 Pro
471 3158 525 3239 te,
548 3157 595 3223 mi
617 3159 713 3241 Iesu,
742 3157 917 3244 vitamque
939 3156 1127 3245 rependere
1151 3157 1258 3236 vitae,

470 3281 564 3358 Quae
586 3282 705 3367 pandit
727 3282 839 3352 caelos
871 3285 908 3350 et
930 3284 1020 3352 bona
1040 3283 1165 3351 cuncta
1186 3278 1301 3348 refert.

381 3405 414 3472 Si
437 3405 542 3491 pudet
563 3405 655 3474 hunc
676 3406 805 3475 medios
826 3407 917 3476 inter
938 3407 1087 3493 pendere
1109 3405 1281 3484 latrones,

296 3532 339 3597 80
470 3531 539 3599 Nos
559 3531 752 3617 sequimur,
776 3531 874 3600 nobis
894 3531 944 3599 nil
966 3532 1073 3601 cruce
1095 3529 1205 3600 maior
1225 3527 1341 3596 honos.

380 3655 414 3714 (2)
439 3652 466 3718 O
488 3651 599 3735 Crux,
626 3651 788 3722 silvarum
811 3653 885 3722 fetu
907 3653 1135 3739 praestantior
1157 3650 1270 3732 omni,

469 3775 577 3843 Arbos
599 3775 694 3843 nulla
717 3778 775 3845 tuo
795 3775 952 3863 germine
974 3775 1117 3844 nobilior

382 3899 423 3966 ut
446 3898 534 3967 soliis
555 3903 592 3967 et
614 3897 716 3981 flore;
739 3899 799 3966 Dei
822 3899 1019 3968 venerabile
1042 3916 1163 3985 corpus

470 4027 557 4094 Nam
579 4024 641 4094 tibi
663 4024 811 4094 defixum
834 4025 1030 4095 smtinuime
1052 4026 1170 4094 datum
1197 4025 1258 4092 est.

297 4154 341 4217 85
384 4151 519 4220 Robora
540 4150 659 4218 nativo
681 4151 864 4219 mitescant
883 4151 970 4218 dura
990 4149 1124 4236 rigore,

470 4274 539 4342 Fac
561 4273 654 4342 molli
677 4273 782 4360 Regis
810 4274 963 4342 membra
984 4275 1108 4343 cubae
1130 4273 1213 4340 toro.

383 4399 475 4467 Iuste
495 4399 595 4483 peto:
618 4397 736 4465 divine
759 4401 818 4465 tua
840 4400 1011 4466 mactatur
1032 4397 1069 4464 in
1091 4414 1152 4464 ara

472 4521 609 4602 Hostia,
632 4520 747 4589 divino
769 4539 866 4590 sacra
887 4541 1007 4591 cruore
1029 4521 1138 4590 rubes.
