3560 5368
709 567 821 620 nrsns
843 567 994 620 rnnrrvs
1391 547 1454 614 277

358 695 422 774 Qui
445 713 555 781 genus
577 695 764 764 humanum
786 695 824 763 in
846 695 994 782 speciem
1016 692 1131 761 divisit
1154 693 1333 778 utramque

357 819 579 908 Coniugiique
602 819 694 906 prior
714 818 811 905 leges
832 821 869 888 et
891 817 1029 889 foedera
1050 817 1166 900 iussit,

359 945 459 1014 Tollit
482 945 582 1014 aude
606 945 711 1016 Deum
722 962 733 1030 ;
757 945 920 1014 frumenti
941 944 1068 1012 exinde
1089 942 1254 1030 pugillum

358 1070 399 1136 In
420 1071 544 1138 tenues
565 1069 697 1157 spargit
718 1071 842 1138 ventm
862 1070 899 1137 et
922 1068 1044 1155 pocula
1066 1067 1204 1154 trangit.

246 1193 313 1259 365
359 1193 505 1262 Laetitia
528 1189 663 1282 ingenti
686 1196 827 1264 resonat
847 1194 945 1281 polus
965 1192 1109 1262 aethere
1130 1209 1278 1273 summo;

363 1317 516 1394 Qualiter
538 1319 700 1387 effractus
721 1318 811 1388 bello
832 1338 937 1407 quum
960 1318 1097 1388 Lucifer
1118 1336 1184 1387 axe

361 1443 529 1512 Turbatus
558 1445 643 1526 ruit,
668 1446 704 1513 et
725 1445 851 1513 victrix
872 1444 992 1514 domus
1013 1442 1265 1531 omnipotentis

360 1567 524 1637 Cantibus
545 1569 721 1656 Aligerum
743 1569 862 1640 divina
884 1572 921 1639 et
941 1569 1043 1640 laude
1064 1569 1228 1639 resultat

447 1693 529 1761 Post
550 1693 733 1764 comitatus
755 1695 829 1764 abit
842 1697 1070 1782 properatque
1089 1693 1290 1763 accumbere
1306 1707 1461 1772 mensae,

250 1817 317 1883 370
362 1817 488 1904 Magna
508 1818 566 1887 ubi
588 1820 758 1890 solemnes
779 1820 898 1907 epulas
918 1821 1082 1889 cenacula
1104 1821 1246 1906 ponunt.
1370 1841 1377 1854 ·

362 1938 516 2026 Undique
539 1939 710 2011 collucent
732 1941 872 2028 lychni,
895 1943 980 2012 tunc
1001 1943 1119 2012 ordine
1143 1941 1244 2028 longo
1360 2035 1362 2041 Ι

360 2065 532 2134 Convivae
555 2067 717 2136 thalamis
737 2068 857 2152 strati,
881 2068 1097 2153 mediumque
1119 2065 1251 2135 locatur

364 2191 430 2258 Par
452 2189 734 2272 selixymanibus
756 2191 914 2278 lymphas
935 2192 1113 2280 plenisque
1135 2189 1292 2259 canistris

364 2312 519 2382 Ancillae
542 2333 697 2384 cererem
720 2315 908 2401 expediunt
930 2319 967 2383 et
990 2315 1118 2383 fercula
1140 2314 1208 2381 ritu

252 2435 319 2502 375
363 2437 453 2504 Dant
475 2425 738 2522 patri03'1aet0s
760 2438 917 2508 recolunt
938 2440 975 2507 et
996 2437 1153 2506 cantibus
1173 2438 1328 2521 hymnos

452 2561 500 2628 Te
521 2577 653 2647 quoque
676 2561 868 2629 Caelestum
891 2561 1082 2644 celebrent,
1099 2579 1119 2630 o
1135 2561 1283 2629 maxime
1306 2541 1442 2644 loseph,

365 2683 534 2768 Agmina,
558 2684 851 2772 christiadumque
874 2686 969 2754 chori
992 2689 1027 2754 te
1050 2687 1201 2754 carmine
1224 2685 1357 2768 dicant,

364 2805 534 2875 Illmtrem
556 2808 687 2878 meritis
709 2827 811 2896 quem
832 2809 945 2894 iungit
966 2809 1101 2878 foedere
1125 2810 1219 2878 casto

363 2931 497 3016 Inclyta
520 2931 647 3018 Virgo:
670 2933 783 3001 sinum
805 2917 974 3000 tumidum
994 2950 1097 3020 quum
1119 2932 1280 3017 coniugis
1300 2931 1411 2999 almae

254 3055 321 3120 380
364 3055 500 3138 Cernis,
523 3058 560 3125 et
581 3058 740 3126 anxietas
761 3057 867 3125 animi
889 3058 924 3126 te
947 3060 1100 3144 torquet,
1124 3057 1168 3127 ab
1188 3075 1255 3125 axe

365 3181 486 3250 hiatus
507 3183 642 3251 iuvenis
662 3183 779 3250 divino
800 3182 955 3250 Flamina
978 3182 1113 3251 Prolem

364 3305 573 3394 Conceptam
594 3308 714 3377 docet:
749 3309 786 3376 et
811 3308 992 3376 Dominum
1013 3305 1249 3393 complecteris
1269 3306 1359 3375 ulnis

365 3431 408 3500 Et
428 3432 611 3517 profugum
633 3433 785 3519 sequeris
807 3431 994 3520 longinqua
1015 3432 1060 3501 ad
1082 3449 1191 3518 regna
1212 3431 1356 3519 Canopi,

364 3555 504 3627 Iuvenis
524 3557 702 3641 amissum,
726 3557 847 3626 misces
868 3557 905 3625 et
926 3555 1052 3643 gaudia
1074 3555 1178 3624 fietu:

103 3648 134 3736 .’
255 3679 323 3746 385
367 3680 448 3748 Post
469 3683 614 3748 mortem
636 3679 758 3766 reliqui
780 3678 954 3766 praesenti
976 3679 1117 3746 numine
1140 3677 1312 3764 madent,

366 3803 437 3885 Tu,
460 3801 541 3871 dum
563 3802 636 3871 vila
657 3805 795 3883 manet,
821 3800 954 3872 meliori
975 3804 1066 3870 sorte
1090 3801 1210 3871 bearis

454 3925 482 3992 O
505 3922 647 4010 Ioseph,
670 3924 813 4010 Ioseph,
836 3924 1003 4011 Superum
1024 3924 1148 4008 decus,
1169 3923 1311 3992 aethere
1333 3923 1376 3990 ab
1397 3921 1468 3991 alto

367 4045 490 4132 Aspice
512 4046 551 4114 ut
572 4047 725 4115 adversis
745 4047 915 4132 agitatum
937 4045 1093 4115 fluctibus
1114 4063 1242 4133 aequor

367 4171 559 4254 currimus,
582 4175 619 4241 et
642 4172 747 4242 vastis
766 4172 837 4242 iam
858 4172 1088 4258 demergimur
1108 4172 1216 4242 undis

259 4295 326 4362 390
369 4295 482 4380 Adsis,
505 4296 603 4379 Dive3
626 4299 685 4364 tuo
707 4295 850 4384 pollenti
872 4297 1011 4364 nomine
1035 4295 1142 4366 fretus

369 4420 524 4508 Namque
545 4421 745 4507 gubernacli
766 4438 926 4508 suprema
948 4421 985 4489 in
1006 4420 1086 4490 sede
1110 4420 1271 4505 Magister

369 4544 492 4615 Securo
515 4544 589 4614 fidit
610 4547 768 4629 cymbam
790 4545 966 4615 considere
988 4547 1098 4632 portu.
