3472 5360
335 495 396 560 170
845 509 1041 560 rnrnnroos
1185 501 1189 508 '

439 639 532 704 Tunc
554 635 680 704 ardens
701 636 786 703 odiis
808 637 919 722 patrio
941 637 983 704 de
1006 636 1105 705 litore
1129 635 1240 712 cedit,

438 763 580 829 ltomam
602 761 707 828 vertit
728 760 809 844 iter,
833 779 994 848 superum
1016 779 1052 829 se
1075 759 1232 847 germine
1256 760 1389 825 cretum

329 888 395 952 395
441 887 679 971 virtutemque
701 886 761 954 Dei
785 886 912 969 iactat,
941 884 1138 954 cantamine
1159 883 1239 951 ditis

440 1011 577 1080 Artibus
599 1030 640 1081 ac
663 1011 804 1098 magicis
825 1012 880 1078 hic
904 1010 1027 1096 vulgus
1057 1009 1179 1079 mobile
1204 1007 1300 1077 saliit.

526 1139 577 1204 En
599 1137 705 1222 igitur
727 1141 799 1208 tota
823 1157 942 1205 rumor
960 1137 1154 1223 percrebuit
1178 1135 1279 1216 urbe,

439 1261 587 1329 Prodere
610 1263 697 1331 mira
720 1263 852 1342 virum,
881 1280 946 1330 nec
968 1262 1041 1330 visa
1065 1261 1249 1338 Quiritibus
1271 1275 1433 1344 unquam.

439 1388 537 1453 Nunc
559 1386 704 1472 liquidae
726 1387 866 1474 pedibus
888 1387 986 1456 siccis
1008 1387 1154 1456 transire
1178 1403 1239 1472 per
1260 1382 1370 1450 undas

332 1511 407 1578 400Υ
442 1511 584 1578 Tibridis
604 1513 666 1579 aut
688 1511 791 1580 celeri
814 1513 923 1581 nubes
944 1529 1050 1580 enare
1074 1509 1210 1592 volatu,
1239 1511 1241 1516 '

442 1637 540 1702 Nunc
563 1635 665 1707 medii
690 1637 770 1704 lerri
793 1635 959 1720 flammis,
990 1654 1055 1705 cen
1076 1635 1192 1704 mollia
1213 1635 1325 1720 campi

441 1761 605 1829 Gramina
627 1761 797 1845 calcaret,
821 1761 903 1848 quin
927 1764 1041 1830 vestes
1064 1760 1213 1830 fervidus
1235 1759 1324 1844 ignis

441 1883 600 1968 ,ittinget
630 1885 823 1970 speciemve
846 1887 1002 1954 obscuret
1025 1883 1171 1952 lumidus
1191 1899 1261 1950 aer.

441 2011 580 2097 Quaque
604 2009 699 2078 lubet
721 2011 810 2097 potis
832 2013 885 2078 est
915 2008 1077 2078 mortales
1101 2007 1218 2076 fallere
1241 2006 1370 2074 formu.
1500 1969 1506 1996 ⁸

334 2136 398 2198 -105
442 2134 541 2201 Nunc
563 2133 692 2202 colubri
714 2135 801 2202 facie
823 2134 923 2221 spiris
944 2134 1142 2219 ingentibus
1163 2149 1264 2216 agros

444 2261 575 2344 lletiri,
599 2261 766 2348 fulvisque
789 2262 876 2330 iubis
897 2263 1052 2350 rictuque
1075 2261 1185 2330 leonis

429 2370 585 2457 “immani
608 2391 740 2455 terrere
765 2389 855 2456 ieras
878 2387 1083 2474 fremituque
1107 2386 1244 2454 furenti.

444 2513 664 2598 Prosequitur
686 2513 809 2600 cupida
830 2532 945 2582 rerum
967 2513 1132 2582 miracula
1154 2515 1270 2580 mente

443 2640 643 2724 imprudens
667 2639 809 2725 vulgus,
833 2641 966 2710 vianet
989 2643 1146 2708 versatur
1169 2640 1274 2707 inani.

333 2765 398 2828 llll
442 2764 573 2832 Cuncta
596 2768 711 2850 stupet
733 2765 927 2851 clamatque
950 2764 1007 2833 olli
1030 2781 1152 2850 parere
1175 2763 1303 2830 iubent'

445 2890 594 2958 Numina
616 2893 782 2978 quotquot
804 2890 907 2960 habet
930 2891 1117 2977 phlegeton
1131 2893 1167 2957 et
1190 2889 1356 2975 quotquot
1377 2886 1548 2973 olympus:

443 3015 618 3098 mussitat,
649 3019 685 3083 et
707 3033 840 3084 summo
862 3015 1035 3084 Simonem
1057 3033 1077 3083 e
1100 3013 1256 3100 germine
1278 3011 1394 3078 divum

442 3143 675 3224 Prognatum:
707 3141 789 3226 quin
812 3140 899 3210 forte
922 3141 1028 3209 etiam
1050 3141 1093 3207 de
1116 3138 1251 3208 sedibus
1271 3137 1352 3206 altis

443 3267 555 3349 Ipsum
571 3264 747 3331 hominurn
769 3282 995 3351 superumque
1013 3265 1146 3349 patrem
1162 3281 1253 3330 nunc
1269 3263 1380 3330 visere
1396 3263 1548 3331 Romam.

335 3389 399 3454 lle
444 3391 513 3458 Nec
536 3392 652 3457 tamen
677 3407 747 3457 una
770 3393 868 3458 tenet
889 3389 985 3476 plebs
1007 3389 1109 3470 haec,
1133 3388 1193 3455 sed
1216 3389 1273 3474 qui
1296 3387 1370 3455 vice
1394 3389 1486 3474 regis

443 3516 518 3599 Ipse
541 3513 729 3601 Tigellinus
751 3515 866 3601 populi
890 3514 1084 3583 moderatur
1111 3515 1264 3583 habenas

443 3637 570 3706 Simoni
593 3639 805 3724 obsequitur,
834 3639 970 3725 magica
990 3639 1018 3706 si
1043 3639 1130 3707 forte
1152 3638 1263 3707 iuvari

445 3765 527 3832 Arte
550 3766 671 3848 queat,
694 3764 860 3850 siquidem
885 3763 1066 3832 formosam
1090 3763 1225 3849 deperit
1247 3762 1394 3849 Aegion,

445 3889 531 3970 Nec,
555 3887 635 3975 quid
657 3891 788 3974 speret,
813 3889 933 3973 babet,
957 3906 1039 3956 nam
1062 3887 1160 3973 virgo
1182 3888 1318 3974 repellit
1340 3892 1526 3956 amantem.

336 4015 401 4079 420
533 4013 667 4082 Filiolas
689 4013 801 4098 inter,
825 4014 962 4101 peperit
986 4031 1071 4099 quas
1092 4014 1215 4080 Petrus
1237 4015 1333 4094 Iesu,

446 4134 553 4220 Aegle
576 4137 667 4214 erat,
700 4139 736 4202 et
760 4136 890 4204 meritis
914 4139 950 4204 et
973 4134 1174 4219 virginitate
1197 4133 1330 4203 decora.

445 4259 583 4327 Finibus
604 4261 742 4344 assyriis
762 4261 886 4346 genuit
909 4261 1121 4346 llantippuS,
1145 4264 1182 4329 et
1205 4261 1276 4346 ipse

445 4385 600 4454 Sectator
622 4384 766 4468 Christi,
790 4403 857 4472 quo
879 4388 1033 4472 tempore
1056 4385 1199 4470 Spiritus
1221 4385 1332 4453 almus

446 4511 609 4576 Orantem
632 4509 788 4598 implevit
810 4510 967 4594 Solymae
989 4510 1032 4579 ad
1048 4510 1219 4578 cenacula
1241 4515 1396 4594 coetum,
