3472 5360
664 571 777 624 arnna
802 571 937 623 narnus
1346 557 1408 623 113

302 701 377 783 ipsa
400 697 548 766 Palatini
570 694 668 764 sedes
690 669 888 782 gemituque
911 694 1079 779 remugit;

192 823 256 889 490
301 825 383 891 Tam
407 840 509 892 carae
533 821 623 890 vitae
646 819 793 888 studium
813 823 916 906 atque
939 837 1037 887 amor
1059 820 1215 888 omnibus
1238 838 1340 902 unde,

301 946 397 1012 Mens
419 962 488 1012 non
512 961 581 1011 una
603 945 742 1010 tamem
765 941 938 1009 Simonem
962 959 1134 1010 arcessere
1158 941 1265 1027 patris

302 1068 408 1137 Corde
431 1067 547 1152 sedet,
571 1067 756 1152 matrisque
779 1066 839 1132 uni
861 1065 986 1133 fiducia
1007 1068 1119 1135 Petro.

302 1195 519 1263 Conveniunt
540 1196 660 1262 ambo:
689 1193 814 1279 primos
836 1192 997 1278 deceptor
1019 1193 1166 1261 honores

304 1321 451 1407 Arripit,
478 1321 616 1388 effrenis
638 1321 757 1406 opibus
778 1319 836 1406 qui
859 1319 939 1387 ilsus
960 1319 1098 1400 averni,

196 1446 259 1513 195
303 1447 426 1514 Omnia
448 1447 642 1532 pertentat;
673 1445 732 1514 sed
755 1443 804 1510 nil
827 1443 1046 1527 cantamina,
1076 1444 1136 1512 sed
1159 1444 1205 1511 nil

303 1571 417 1638 Verba
439 1571 578 1652 iuvant;
605 1570 696 1638 iacet
718 1569 917 1638 exanimum
938 1569 1012 1636 sine
1036 1568 1164 1636 lumine
1187 1586 1317 1654 corpus.

305 1697 398 1763 Tunc
421 1695 488 1763 urit
509 1695 622 1763 rabies
642 1694 817 1775 animum,
841 1696 924 1760 tunc
947 1693 1075 1762 verlice
1099 1695 1211 1762 crines

305 1819 441 1906 Viperei
463 1820 609 1902 arrecti,
632 1818 724 1888 color
746 1817 946 1886 immutatur
968 1823 1002 1885 et
1027 1819 1113 1887 oris:

304 1947 414 2014 Iratus
434 1945 571 2014 sibimet
593 1944 645 2012 dis
666 1963 707 2011 ac
731 1943 838 2012 iratus
859 1946 1017 2028 avernis,

192 2073 258 2136 500
303 2071 368 2138 Ore
392 2069 508 2138 fremit
531 2069 633 2138 tacito
656 2069 833 2156 totumque
852 2070 1042 2138 acheronta
1064 2070 1208 2139 lacessit.

304 2198 396 2264 Haec
418 2196 509 2263 inter
530 2195 590 2263 sed
612 2194 706 2263 enim
722 2195 845 2264 Petrus
865 2197 927 2262 sub
949 2196 1051 2264 corde
1076 2199 1253 2282 precatus,

304 2323 353 2388 Ne
376 2319 447 2388 salli
470 2320 695 2407 Omnipotens
717 2321 835 2389 turbas
856 2321 965 2404 sinat,
989 2321 1093 2407 impia
1116 2321 1236 2408 perdat

303 2441 451 2509 Consilia
474 2444 510 2508 et
533 2443 651 2526 turpes
671 2457 782 2508 ausus.
808 2441 858 2508 Ac
879 2440 1003 2508 deinde
1026 2441 1172 2509 iacentis

305 2567 451 2651 ,irrepta
473 2565 614 2647 dextra,
638 2564 711 2632 Tibi
734 2567 827 2634 lesus
849 2565 1017 2651 imperat,
1041 2565 1172 2652 inquit,

194 2693 259 2758 505
303 2690 410 2776 Surge
433 2707 527 2777 puer.
552 2689 694 2757 Mirum!
718 2689 829 2758 subito
852 2689 1017 2774 pallentia
1039 2689 1129 2760 dicto

304 2817 372 2884 Ora
394 2815 538 2899 rubent,
560 2833 704 2902 superae
728 2817 927 2884 reserantur
949 2814 1080 2883 lumina
1103 2815 1187 2898 luci,

302 2941 404 3008 Exilii
432 2940 683 3027 alloquiturque
706 2959 803 3008 suos:
827 2943 945 3028 stupor
968 2943 1112 3026 occupat
1134 2959 1262 3010 omnes

305 3069 390 3134 Tum
412 3067 502 3135 subit
524 3068 560 3135 et
582 3066 697 3153 populi
722 3065 896 3149 fremitus,
921 3069 993 3134 tum
1016 3065 1132 3134 sibilus
1153 3067 1224 3134 alte

304 3193 466 3276 Tollitur,
489 3193 528 3260 ut
551 3192 651 3279 pleno
666 3191 810 3278 'quando
831 3192 860 3260 si
883 3192 989 3260 mima
1011 3192 1146 3260 theatro

194 3323 259 3387 510
302 3323 461 3402 Erraret,
484 3319 664 3405 gliscitque
687 3319 800 3400 furor,
826 3320 894 3387 iam
916 3337 1000 3388 saxa
1022 3321 1188 3406 parantur

303 3447 346 3514 Et
368 3446 493 3515 iustos:
518 3445 660 3515 meritae
683 3445 809 3514 dentur
830 3446 878 3513 sic
902 3446 1053 3532 praemia
1075 3447 1185 3516 sortis.

304 3572 395 3640 Simo
418 3571 506 3657 iussit
527 3571 723 3659 trepidans,
748 3571 888 3658 pedibus
909 3572 1016 3659 pudor
1037 3572 1167 3640 addidit
1189 3573 1262 3642 alas

307 3698 349 3765 ut
371 3697 486 3780 dolor,
511 3697 697 3766 immanem
719 3715 859 3800 seseque
883 3697 1028 3766 effundit
1049 3699 1085 3765 in
1109 3699 1204 3767 iram.

307 3825 427 3892 Petrus
447 3827 485 3892 at
507 3823 658 3892 extentis
679 3827 803 3910 pacata
824 3824 961 3893 silentia
983 3825 1105 3911 palmis

196 3950 261 4018 515
305 3949 446 4032 Indicit,
470 3953 600 4017 turmas
621 3949 736 4033 sedat,
759 3951 941 4038 paucisque
964 3952 1138 4036 profatur:

306 4076 461 4159 Parcite,
488 4093 550 4144 nec
573 4075 697 4144 misero
719 4076 935 4162 succendite,
959 4097 1028 4146 non
1053 4096 1130 4147 mea
1152 4079 1262 4147 virtus

304 4199 415 4268 Efficit
435 4202 541 4270 haec:
565 4201 695 4269 homini
720 4204 863 4270 naturae
887 4202 976 4271 haud
1000 4203 1138 4272 vincere
1161 4205 1252 4273 vires

305 4330 406 4396 Posse
429 4327 567 4410 datum,
592 4331 684 4396 Iesus
705 4331 743 4397 ot
764 4327 867 4396 Iudae
891 4331 925 4396 et
949 4329 1108 4414 gentibus
1130 4348 1219 4399 unus

307 4453 471 4521 Omnibus
492 4452 562 4539 ipso
585 4454 674 4521 Deus
697 4452 862 4540 (supplex
886 4455 921 4520 in
945 4455 1025 4522 vota
1047 4456 1189 4540 vocavi)

196 4582 260 4647 520
306 4578 433 4660 Anuli,
457 4581 493 4647 et
515 4579 635 4648 mortis
657 4579 785 4664 victor,
809 4579 974 4648 miracula
996 4599 1110 4650 rerum
