3472 5360
324 491 388 555 200
831 503 1027 552 puruumos

431 629 518 706 Quid
541 648 724 697 memorem
749 631 900 697 Aeneam
924 629 1061 713 Lyddae
1083 628 1133 695 bis
1151 629 1313 713 quattuor
1334 644 1445 693 anuos

433 755 583 822 Artubus
605 759 784 840 aegrotum
807 756 924 842 rigidis
945 755 1100 840 lectoque
1130 755 1334 833 cubantem,

431 879 618 948 Confestim
638 881 785 948 sanuml
808 898 871 948 neo
894 883 950 963 te,
973 881 1188 948 sanctissima
1208 878 1340 956 mater,

322 1005 388 1072 525
428 1003 669 1091 praeteream,
693 1025 801 1092 quae,
825 1009 953 1086 Doroa,
979 1007 1070 1074 iaoes
1091 1007 1272 1090 absumpta
1296 1002 1443 1080 ieretro;

432 1132 485 1198 Fit
508 1133 675 1216 gemitus,
699 1133 860 1218 luctuque
883 1132 993 1199 omnis
1015 1133 1174 1198 turbatur
1195 1131 1319 1214 Ioppe:
1371 1204 1375 1216 Ι

431 1255 558 1325 Flebile
581 1259 651 1324 stat
672 1257 800 1324 circum
823 1273 944 1342 corpus
966 1254 1184 1342 pauperrima
1206 1251 1308 1319 turba

432 1384 474 1448 st
496 1381 593 1468 pueri
615 1380 805 1466 viduaeque
827 1397 1016 1467 senesque,
1039 1382 1075 1448 et
1099 1395 1242 1446 munere
1264 1376 1477 1445 monstrant:

431 1504 529 1572 Alter
551 1505 616 1588 ait,
640 1506 793 1574 tunicam
816 1505 906 1574 bano
928 1506 1051 1573 Dorcas
1074 1503 1157 1570 mihi
1179 1501 1292 1570 texuit
1313 1499 1408 1586 ipsa;

320 1631 386 1697 530
429 1633 499 1699 Has
521 1632 675 1717 crepidas
697 1631 792 1699 dedit
814 1631 888 1717 ipsa
909 1629 1015 1712 mibi,
1044 1647 1152 1716 quae,
1180 1627 1336 1696 clamitat
1358 1625 1467 1702 alter,

432 1757 600 1826 obtexere
623 1756 728 1844 pedes
750 1755 878 1839 nudos;
902 1757 939 1822 et
960 1755 1123 1842 personat
1145 1770 1207 1821 aer

432 1883 595 1952 Femineo
617 1882 757 1969 planetu
780 1885 817 1951 et
838 1882 1004 1949 flebilibus
1034 1879 1204 1948 lamentis.

433 2009 576 2090 Petrus,
607 2007 663 2077 eui
684 2007 794 2094 pietas
817 2008 1018 2076 miserorum
1041 2007 1181 2092 pectora
1203 2002 1337 2086 tangit,

433 2131 577 2200 Dederis
598 2135 674 2202 orat
695 2132 857 2218 genibus,
891 2131 1079 2218 dextraque
1102 2128 1292 2216 prehensa,

302 2259 389 2336 v÷'›35
433 2258 560 2342 Surge,
585 2258 716 2345 iuquit,
740 2257 907 2326 Tabitba:
935 2259 1010 2326 toro
1034 2259 1070 2324 et
1092 2254 1237 2323 tabitha
1258 2250 1402 2331 resedit,

435 2379 710 2465 Pauperibusque
732 2398 859 2467 parens
880 2381 917 2446 et
939 2341 1041 2446 vitae⁸
1054 2375 1208 2445 redditur
1229 2374 1329 2442 auris

521 2506 613 2572 Haeo
636 2504 715 2570 dum
739 2504 901 2572 Centurio
923 2502 1047 2588 relegit
1068 2501 1131 2569 sibi
1153 2499 1293 2584 cognita
1315 2497 1426 2576 iacta,

436 2631 629 2716 Hospitibus
650 2649 770 2712 carus,
795 2634 877 2718 quot
898 2633 979 2697 sunt
1003 2629 1044 2696 de
1068 2631 1173 2712 geute
1196 2625 1361 2692 Pudentis

434 2757 525 2824 Aure
546 2757 670 2840 ¹bibunt
691 2756 813 2824 avida:
841 2757 900 2824 sed
923 2756 993 2823 iam
1017 2771 1085 2822 nox
1108 2751 1247 2820 humida
1268 2765 1403 2817 cursum

325 2885 390 2948 540
434 2882 607 2968 attigerat
630 2881 799 2962 medium,
822 2883 859 2949 et
880 2879 1042 2948 mortales
1063 2895 1202 2946 somnus
1223 2875 1380 2944 habebat.

434 3007 585 3092 Expletis
607 3025 689 3091 ergo
712 3006 855 3091 dapibus
878 3005 1069 3090 mensisque
1092 3003 1248 3085 remotis,

434 3131 597 3199 Centurio
620 3130 792 3217 fessusque
816 3131 872 3198 via
894 3133 931 3198 et
952 3129 1164 3198 sermonibus
1189 3127 1275 3195 actis
1417 3178 1422 3187 .

435 3255 636 3340 Cornelique
659 3255 778 3323 domus
808 3254 960 3341 placidae
984 3255 1068 3322 dant
1091 3252 1244 3320 membra
1266 3249 1383 3336 quieti.

522 3379 686 3464 Exquiliis
707 3397 775 3465 pax
795 3379 888 3447 alma
911 3380 1049 3459 manet,
1080 3375 1140 3444 sed
1161 3376 1241 3444 sede
1271 3373 1381 3441 Palati

240 3543 243 3551 ·
325 3506 390 3569 545
435 3504 536 3571 Stant
556 3503 678 3588 vigiles
701 3522 803 3573 curae
833 3521 1018 3588 regemque
1046 3501 1215 3569 insomnia
1238 3502 1381 3568 terrent.

434 3627 499 3695 Olli
522 3627 595 3696 visa
618 3628 721 3711 ratis,
752 3628 811 3696 sed
833 3627 957 3696 dextra
978 3627 1116 3696 iuterna
1137 3625 1272 3710 regent·

435 3753 563 3838 Arripit
585 3754 785 3838 imperium,
812 3752 903 3820 subit
925 3751 1006 3819 bino
1029 3751 1172 3818 Octavia
1193 3749 1338 3831 coniux,

434 3881 477 3944 Et
500 3877 626 3945 trustra
647 3881 804 3946 orantem
834 3879 995 3945 tenebras
1016 3875 1168 3944 detrudit
1189 3876 1226 3942 in
1249 3876 1383 3952 arotas;

436 4003 678 4088 Formleaeque
701 4001 842 4087 opplent
871 4001 985 4069 alatae
1007 4003 1044 4068 et
1064 4000 1165 4086 signa
1185 4000 1326 4066 deorum

327 4131 392 4194 550
436 4126 677 4209 circumeunt,
708 4126 953 4212 prohibentque
977 4125 1080 4212 pedes
1102 4127 1139 4192 et
1160 4124 1254 4191 adire
1277 4123 1451 4190 theatrum

436 4253 597 4339 Pompei,
619 4253 709 4338 quod
733 4255 809 4319 erat
830 4251 973 4319 solemni
998 4267 1091 4316 more
1114 4249 1317 4330 dicandum3

436 4378 611 4445 Simiolum
634 4377 759 4461 regalis
782 4393 888 4462 equus
911 4377 1063 4442 mutatur
1090 4375 1126 4440 in
1149 4378 1272 4442 atrum.

438 4505 508 4569 Neo
530 4502 632 4578 satis:
657 4519 736 4569 eooe
759 4518 884 4568 sonans
907 4499 1113 4567 horrendum
1135 4498 1252 4566 audita
1273 4497 1429 4584 sepulcro
