3564 5376
660 547 770 598 LIBER
803 547 983 599 SECVNDVS

329 675 523 760 ingeminat
544 675 652 743 macie
675 674 865 756 coniectus,
899 675 935 742 et
957 671 1088 757 hispida
1111 668 1225 734 mento

327 798 437 866 Barba
457 799 563 886 riget,
587 799 685 866 nudis
706 797 782 884 figit
803 797 949 882 vestigia
971 794 1115 881 plantis,

324 923 440 1010 cingit
461 925 542 993 fune
564 924 668 1004 latus,
694 923 783 992 villis
803 923 991 1010 asperrima
1013 921 1117 990 vestis
1222 967 1225 974 ,

329 1050 480 1117 Membra
502 1049 603 1135 tegit,
625 1049 848 1135 dextramque
870 1049 961 1116 rudis
982 1048 1152 1116 sustentat
1172 1042 1312 1112 arundo.

218 1169 284 1237 495
329 1172 428 1241 Plebs
445 1173 504 1240 ubi
525 1173 698 1260 prospexit
720 1174 933 1255 venientem,
957 1171 1103 1258 plurima
1123 1169 1250 1237 circum

330 1298 520 1367 Mirandum
542 1299 669 1368 virtute
692 1300 803 1368 virum
823 1299 1000 1385 cingebat,
1023 1300 1068 1366 ab
1089 1315 1148 1364 ore

331 1424 479 1506 Pendet,
502 1442 600 1493 mens
622 1425 750 1494 etenim
773 1426 844 1494 vati
865 1427 918 1494 est
939 1441 1105 1511 praesaga
1126 1421 1240 1490 futuri.

333 1545 408 1612 Ille:
432 1547 593 1614 Animum
615 1549 784 1630 revocate,
807 1547 932 1634 inquit,
955 1549 1189 1631 moestumque
1204 1544 1360 1610 timorem

331 1668 469 1754 Mittite,
492 1669 706 1738 Romulidae:
730 1670 875 1738 Michael
897 1670 1044 1756 dilapsus
1065 1671 1110 1738 ab
1131 1668 1231 1736 astris

220 1789 287 1854 500
333 1791 420 1860 Nam
440 1793 537 1877 tegit
561 1795 606 1861 Ut
628 1794 734 1861 Satan
755 1793 956 1879 implentem
985 1792 1135 1860 cladibus
1156 1791 1275 1858 urbem

332 1917 441 2000 Vidit,
463 1917 559 1986 adest
580 1936 743 2004 praesens
763 1919 993 2005 iuvenumque
1007 1917 1176 1990 exercitus
1197 1917 1320 2001 ingens

331 2042 508 2129 Alipedum
530 2047 646 2112 servat
660 2044 768 2127 cives,
793 2043 997 2130 infernaque
1019 2045 1171 2113 monstra

333 2171 599 2256 Tartareumque
622 2169 742 2237 ducem
765 2169 895 2256 stygias
915 2168 1064 2239 detrudit
1086 2168 1122 2235 in
1151 2169 1297 2234 umbras.

333 2293 407 2360 Heu
430 2295 560 2360 cessate
582 2292 697 2376 malis,
721 2293 830 2373 civcs;
859 2309 940 2360 nam
963 2291 1120 2358 Numinis
1140 2291 1191 2358 ira

222 2417 290 2481 505
335 2418 427 2483 Iusta
449 2415 591 2502 premit,
614 2418 731 2484 sontes
753 2420 790 2484 et
809 2435 913 2484 saevo
936 2417 1078 2484 vulnere
1101 2417 1256 2502 torquet;

334 2541 420 2608 Hinc
443 2540 614 2610 horrenda
634 2542 709 2610 lues
716 2560 727 2626 ;
750 2544 866 2609 oratus
887 2541 1034 2610 flectitur
1055 2540 1137 2610 almi

335 2667 500 2752 Principis
522 2667 745 2754 Omnipotens
766 2668 941 2753 precibus;
964 2647 1094 2735 vidistis
1116 2668 1153 2734 et
1173 2665 1236 2752 ipsi

336 2792 531 2878 Prodigium
553 2793 688 2862 excelsa
710 2793 796 2861 turri
819 2793 899 2860 dum
921 2783 1084 2861 conderet
1106 2809 1233 2860 ensem.

334 2920 383 2987 Sit
404 2921 487 2988 satis
509 2919 573 2987 ah!
607 2920 748 3003 sceleri;
771 2939 791 2988 o
815 2921 927 3004 cives,
949 2921 1131 3018 persolvite
1155 2936 1283 3005 poenes

224 3047 291 3112 510
335 3046 472 3132 Flagitii
494 3046 631 3131 dignas,
668 3046 857 3114 maledictis
877 3047 1025 3132 parcite,
1049 3047 1131 3114 rixis

336 3171 547 3257 Sanguineas
568 3171 745 3257 prohibete
768 3190 909 3239 manus:
941 3171 1021 3258 quid
1043 3171 1156 3258 turpia
1177 3171 1302 3252 verba,

337 3298 537 3366 Infandum!
561 3298 651 3384 turpi
674 3297 753 3384 quid
776 3315 837 3364 vos
859 3297 1040 3366 obvolvere
1063 3296 1195 3366 coenot

336 3424 421 3501 Quid
449 3427 586 3494 sanctes
609 3423 735 3492 violare
757 3424 874 3494 domos
906 3426 943 3492 et
976 3425 1104 3511 templa
1132 3422 1283 3510 prolenis

336 3551 491 3620 Polluere
520 3549 719 3637 aeternique
753 3551 813 3618 Dei
835 3553 1055 3619 contemnere
1078 3549 1193 3617 iussat

224 3679 291 3744 515
335 3676 421 3753 Quid
432 3677 477 3745 i...
506 3678 571 3745 Sed
594 3677 794 3762 promeritas
815 3679 967 3763 praestat
990 3677 1088 3743 modo
1111 3676 1252 3743 reddere
1273 3677 1411 3760 grates,

337 3801 448 3886 Atque
470 3800 680 3868 intermissos
700 3801 796 3868 iuvat
818 3800 1008 3868 instaurare
1031 3799 1181 3882 labores,

337 3926 383 3992 Ut
402 3943 501 3993 sacra
521 3925 741 4012 magnanimo
763 3925 921 3994 Michaeli
950 3925 1129 4011 splendeat
1150 3925 1268 4007 aedes;

337 4051 485 4136 Dignum
507 4069 606 4138 opus;
629 4052 774 4138 inceptis
794 4052 926 4120 alacres
947 4053 1073 4120 instate
1095 4049 1260 4120 secundis.

340 4177 430 4252 Quin
453 4177 558 4246 etiam
580 4177 707 4246 veteris
727 4177 861 4246 sublimi
882 4178 918 4244 in
941 4177 1069 4246 vertice
1103 4176 1220 4260 molis,

228 4305 294 4372 520
339 4305 484 4388 Magnus
505 4303 562 4371 ubi
584 4304 729 4374 Michael
751 4304 932 4374 manifesto
955 4303 1096 4372 numine
1117 4303 1225 4386 visus,

340 4429 405 4496 Olli
427 4429 601 4514 religionis
622 4431 730 4498 honos
751 4433 787 4500 et
808 4431 874 4500 rite
905 4429 1066 4500 sacellum

340 4555 504 4636 Tollatur,
527 4555 593 4624 seri
617 4559 808 4625 memorent
831 4558 990 4643 portenta
1012 4556 1175 4642 nepotes:

1322 4714 1337 4759 4
