3576 5376
677 668 942 801 Epistola
968 716 1031 782 11

744 996 791 1047 AD
814 995 969 1048 EVMDBM

768 1247 937 1260 ...n-—

448 1763 558 1838 Quem
578 1763 692 1847 grata,
715 1781 736 1831 o
759 1761 955 1845 Bonucelle‚
978 1764 1055 1844 tuo,
1080 1762 1138 1829 vix
1159 1763 1271 1830 dicere
1295 1762 1346 1830 fes
1368 1764 1436 1844 est,

362 1887 541 1956 Advenere
562 1887 640 1955 stilo
663 1904 750 1974 qnae
773 1888 927 1955 carmine
947 1889 1069 1974 sponte
1091 1885 1261 1969 fluebant3

362 2014 449 2082 Nam
470 2030 581 2100 neque
604 2011 711 2081 lustra
732 2012 818 2098 duo,
842 2012 968 2099 poterit
990 2030 1055 2080 nec
1077 2011 1211 2096 longior
1232 2017 1329 2080 actes

363 2142 447 2207 Tem
468 2157 586 2208 cerum
606 2139 720 2209 delere
743 2155 820 2205 meo
841 2138 885 2206 de
906 2138 1007 2206 corde
1029 2137 1189 2206 sodalem.

297 2265 319 2329 5
362 2261 395 2330 Si
420 2263 506 2332 bene
528 2264 567 2331 tn
589 2262 721 2347 valeas,
744 2249 945 2346 Bonucell'e,
970 2261 1168 2349 frequenter
1190 2261 1309 2330 amicis

364 2388 514 2475 Expetii,
538 2389 616 2476 qnid
638 2407 738 2474 eges,
761 2407 854 2456 nunc
878 2404 1031 2476 quaeque
1054 2388 1194 2473 negotia
1215 2389 1350 2455 tractes

363 2515 409 2580 At
430 2514 529 2581 modo
550 2530 606 2580 me
628 2513 719 2582 facili
741 2513 876 2581 recreat
896 2515 958 2581 tua
978 2512 1095 2581 littera
1116 2530 1226 2582 versu.

365 2639 530 2724 Tempora
552 2638 746 2721 turmulis,
769 2656 874 2726 quum
896 2655 974 2720 nos,
996 2637 1147 2724 stipante
1170 2637 1311 2707 iuventa

365 2763 583 2848 Nazaridum,
606 2763 706 2832 simul
728 2764 871 2833 albanos
892 2781 985 2832 nunc
1007 2762 1119 2830 visere
1141 2762 1245 2831 colles

283 2889 322 2954 10
365 2885 436 2954 Aut
457 2887 571 2972 libuit,
594 2887 693 2957 docto
715 2888 856 2972 comite,
878 2887 1054 2973 aspectare
1077 2885 1244 2968 Bovillas,

366 3018 434 3083 Aut
454 3015 563 3084 altum
584 3014 702 3085 latiale
724 3014 814 3084 Iovis
835 3015 1063 3082 conscendere
1087 3013 1272 3099 templum,

366 3140 437 3210 Ant
457 3141 514 3210 ubi
536 3138 715 3210 florentem
737 3141 931 3227 prospectet
955 3138 1068 3208 Aricia
1091 3138 1234 3223 vellem,

366 3268 434 3334 Aut
456 3267 512 3334 ubi
533 3267 658 3336 sternit
679 3268 745 3336 iter
766 3268 909 3334 Romam
932 3265 1055 3350 regina
1076 3263 1209 3331 viarum

366 3393 494 3480 Appia,
518 3393 717 3463 marmoreis
737 3393 784 3461 sic
807 3393 877 3460 iam
899 3391 1056 3459 mirande
1077 3389 1249 3477 sepulcris.

283 3523 323 3587 15
367 3520 444 3588 Non
466 3519 553 3588 haec
574 3519 660 3588 iam:
683 3517 743 3588 sed
765 3518 823 3585 vix
844 3520 981 3586 tantum
1004 3515 1197 3586 meminisse
1219 3514 1360 3583 iurabit

366 3647 464 3716 Nunc
485 3644 573 3714 sacri
595 3645 714 3714 iubeor
736 3643 886 3712 Pastoris
907 3659 1049 3710 munere
1073 3641 1188 3727 iungi,

368 3771 504 3842 Aesium
525 3770 582 3840 ubi
606 3771 750 3857 pingues
771 3786 912 3855 serpens
934 3766 1101 3837 interfluit
1122 3785 1232 3853 agros.

366 3897 484 3966 Funde
497 3915 632 3983 preces,
649 3895 846 3966 venerande
861 3895 992 3975 Senem
1014 3893 1083 3962 heu
1098 3911 1199 3980 quam
1214 3909 1322 3979 grave
1336 3890 1468 3978 pondus

367 4021 563 4108 Impositum
587 4021 728 4106 misero,
750 4020 817 4088 nisi
837 4019 979 4090 numine
1001 4017 1159 4087 sublever
1180 4016 1267 4085 alto!

279 4151 323 4216 20
366 4150 394 4217 Ο
416 4149 549 4217 utinam
572 4152 606 4217 te
630 4148 755 4218 iterum
777 4149 906 4216 Romae
929 4145 1028 4214 modo
1050 4145 1160 4214 visere
1183 4159 1315 4230 pomem

369 4273 598 4362 Alloquiisque
621 4274 687 4342 frui
709 4273 824 4342 dulces
845 4272 907 4341 hos
928 4271 1020 4341 inter
1042 4270 1208 4357 ephebos,

367 4403 479 4486 Atque
500 4400 616 4482 subire
635 4399 766 4482 aulem,
789 4398 926 4484 depicta
947 4396 1004 4464 ubi
1028 4397 1159 4482 prostat
1180 4395 1295 4480 imago

368 4526 500 4608 Nostra,
523 4543 674 4612 perenne
698 4524 747 4592 tui
770 4523 1030 4592 monumentum
1053 4524 1091 4589 et
1112 4521 1236 4608 pignus
1257 4514 1401 4588 amoris!
