3560 5368
524 759 753 848 DEIPARAE
782 761 958 846 vluelll
995 760 1267 848 reuuolulul

399 2167 553 2252 oquae,
579 2165 684 2249 Virgo
708 2169 854 2246 Parent,
887 2165 1032 2250 primum
1049 2167 1200 2252 ,vestigia
1223 2167 1325 2235 Gnati

487 2289 785 2370 ussermannus,
810 2307 943 2357 sacrum
967 2308 1034 2376 qua
1054 2291 1161 2358 cruce
1184 2293 1296 2359 tendit
1318 2291 1383 2359 iter
1405 2293 1456 2374 (ll,

398 2419 441 2483 Et
464 2417 587 2502 relegis
608 2434 737 2503 poenes
764 2416 911 2502 fletuque
936 2416 1125 2484 miserrime
1149 2417 1261 2484 lundis

486 2543 580 2618 Quae
603 2541 677 2608 loca
698 2541 815 2607 divino
837 2539 1006 2626 sanguine
1029 2539 1139 2608 tincta
1162 2540 1303 2622 rubent;

332 2667 353 2731 5
397 2664 523 2750 Accipe
539 2682 623 2750 quos
644 2664 760 2750 elegos
781 2663 888 2732 enimi
910 2664 1078 2750 depromit
1100 2683 1255 2732 amaror:

485 2791 641 2876 Namque
664 2789 758 2856 vides
781 2789 919 2876 quantis
940 2789 1066 2856 obruar
1087 2789 1158 2875 ipse
1182 2789 1288 2856 melis.

402 2913 511 2998 thue
535 2915 612 2980 tuos
633 2913 815 2980 lacrimans
837 2912 963 2980 cecinit
986 2931 1063 2980 mea
1085 2930 1182 2980 musa
1204 2911 1354 2990 dolores,

489 3040 535 3106 Te
557 3039 664 3122 duce,
688 3055 780 3104 nuno
804 3039 968 3106 moestam
992 3041 1114 3124 pergat
1136 3037 1223 3104 inire
1247 3038 1347 3104 viam.

399 3162 453 3230 Sic
475 3163 579 3246 mihi,
602 3164 630 3230 si
654 3166 767 3231 tecum
789 3162 925 3242 crude,
950 3182 970 3230 o
995 3163 1082 3230 bona
1105 3163 1228 3246 Virgo,
1261 3162 1393 3230 labores

317 3289 356 3354 10
489 3291 604 3358 Mente
628 3289 684 3375 pia
706 3287 875 3370 recolam,
898 3287 996 3356 dulce
1020 3289 1179 3356 levamen
1202 3287 1277 3355 erit.

364 3933 396 3991 (lt
413 3932 529 3980 Traditum
545 3933 580 3979 est
596 3933 714 3992 Dsipsrem
735 3947 800 3994 ssepe
821 3937 916 3982 lustrare
939 3934 1078 3981 consuevisse
1094 3931 1251 3990 Hierosolymis
1266 3942 1293 3976 ee
1314 3931 1362 3980 locs
1378 3940 1434 3986 unse
1450 3928 1494 3974 sin·

303 4015 404 4070 gulsrem
420 4013 517 4072 aliquem
534 4013 646 4060 Passionis
662 4014 688 4061 l).
702 4015 729 4060 N.
740 4015 758 4062 1.
771 4015 795 4062 C.
812 4016 939 4062 memorien
955 4016 1074 4061 afferrent:
1091 4026 1118 4060 err
1129 4025 1172 4071 quo
1187 4011 1272 4058 fectum
1287 4011 1314 4055 ut
1328 4010 1371 4068 ipsi
1387 4009 1495 4067 Deipsres

302 4095 367 4156 origo
382 4095 432 4154 pise
447 4095 508 4141 illins
523 4094 704 4152 exercitationis,
722 4109 780 4154 quse
796 4097 845 4143 Iter
863 4097 948 4143 Grues's
962 4095 1057 4152 dicitur,
1071 4095 1188 4140 pensentur
1203 4090 1353 4138 mitonds
1370 4087 1494 4145 longitudo

302 4175 368 4222 huius
383 4175 483 4233 lunens,
504 4175 563 4234 quod
578 4175 644 4222 hodie
669 4177 827 4236 Hierosolymis
847 4179 971 4237 sppellstur
990 4177 1066 4224 lienis
1081 4177 1103 4222 el
1117 4175 1190 4222 Alem
1207 4197 1235 4206 -
1253 4173 1344 4219 Strude
1359 4171 1420 4216 delle
1435 4170 1495 4216 Pue-

301 4260 366 4306 sione
382 4281 411 4292 —
427 4259 462 4305 est
477 4271 583 4317 psmurm
600 4257 641 4305 cll
665 4259 730 4305 inxts
746 4259 800 4307 Gen,
819 4261 932 4319 Hyginum
955 4259 1077 4306 llsrtorelli
1092 4259 1115 4304 in
1131 4269 1196 4316 opere
1212 4254 1327 4302 reeenls'on‘
1344 4252 1403 4310 quod
1418 4252 1495 4298 inseri-
1550 4251 1553 4262 ’

303 4339 379 4386 bitur:
398 4339 474 4386 sture
490 4341 579 4396 Sueto,
596 4341 755 4398 depth-azsoni
769 4341 881 4400 reltps'ose.
898 4341 991 4387 Vsrcelll
1013 4340 1100 4398 lipogr.
1117 4335 1268 4384 Dis-(leudensi
1287 4333 1357 4390 1865,
1374 4345 1424 4390 psg.
1440 4331 1495 4378 485.

304 4419 430 4466 Notandum
445 4421 521 4466 temen
537 4421 584 4477 est,
607 4421 703 4478 quinque
718 4422 843 4478 extrorsus,
859 4423 885 4467 ut
900 4421 978 4478 siunt,
1000 4420 1108 4466 stationes
1124 4418 1188 4464 modo
1203 4413 1356 4473 comprehendi
1373 4413 1396 4458 in
1413 4413 1496 4469 templo

305 4500 328 4546 S.
344 4501 456 4560 Sepnleri,
480 4501 544 4548 iuxta
560 4513 616 4560 opus
631 4501 731 4548 italicum
752 4503 837 4561 Vmpps'
850 4503 878 4548 dl
893 4503 920 4548 G.
939 4502 1017 4548 Omitto
1033 4501 1061 4547 di
1076 4501 1101 4547 0.
1117 4501 1150 4547 M.
1167 4500 1198 4546 D.
1214 4499 1248 4544 lt.
1272 4495 1355 4542 lliuso
1369 4493 1430 4540 dello
1445 4493 1494 4539 Sos.

305 4579 353 4638 l'ip.
368 4579 404 4626 ds*
415 4579 506 4627 Glsssiei
523 4579 610 4626 italisni
627 4579 700 4637 1881,
717 4581 767 4638 png'.
785 4579 837 4627 880.
