3576 5376
624 705 858 844 eunom
893 759 1004 844 xiv

691 977 938 1046 SEPVLCRVM

321 1688 395 1754 Nou
418 1684 500 1752 mihi
522 1683 655 1752 sublimi
678 1681 841 1751 ferientes
863 1681 993 1751 vertice
1015 1681 1124 1749 nubes

376 1822 381 1833 '
405 1813 578 1892 ostentes,
602 1807 751 1895 Memphi
772 1826 793 1876 o
815 1787 977 1892 barbara,
1000 1808 1209 1894 pyramidas:

319 1939 393 2004 Non
416 1933 499 2002 mihi
523 1933 682 2001 funereas
703 1931 826 2015 iactes,
850 1932 1004 2015 Etruria,
1027 1932 1152 2014 moles,

406 2059 528 2128 Invida
548 2077 632 2146 quas
654 2057 753 2125 viridi
775 2057 932 2143 gramine
956 2055 1071 2124 condit
1094 2058 1225 2127 humus.

251 2190 273 2254 5
318 2185 489 2272 Reliquias
511 2185 685 2252 tantorum
709 2198 853 2268 operum
876 2183 995 2249 texere
1018 2181 1155 2266 ruinae,

405 2311 448 2377 Et
469 2308 567 2376 modo
590 2307 647 2374 vix
670 2307 787 2392 magni
809 2306 958 2375 nominis
980 2309 1100 2375 umbra
1123 2313 1257 2389 manet;

319 2433 360 2500 Et
383 2432 502 2517 nigrae
524 2429 667 2515 serpunt
688 2427 854 2513 hederae,
876 2428 1033 2496 sinuatur
1055 2432 1092 2497 et
1112 2429 1252 2516 anguis,

405 2555 508 2642 Rapit
528 2572 648 2623 saxoso
672 2553 766 2622 tdva
787 2553 918 2622 lacerta
940 2553 1021 2621 solo.

317 2687 464 2752 Heroum
487 2697 574 2767 quae
598 2681 696 2748 busta
716 2681 873 2748 extructo
896 2697 1064 2747 marmore
1088 2679 1197 2761 tollis,

237 2812 276 2876 10
410 2807 537 2875 Obruta
560 2803 755 2888 ruderibus,
787 2803 937 2872 maxima
958 2805 1084 2890 Roma,
1108 2805 1234 2874 iacent.

319 2932 450 3000 Audeat
471 2930 563 2999 haud
584 2929 768 3017 quidquam
789 2929 998 2998 contendere
1021 2949 1118 3016 posse
1140 2931 1312 3018 sepulcre,

406 3056 501 3134 Quod
523 3053 647 3123 Christi
669 3071 783 3122 sacras
804 3054 932 3140 excipit
953 3055 1103 3123 exuvias.

317 3179 540 3259 Quantumvis
562 3199 626 3248 nec
648 3181 747 3264 signa
768 3180 897 3248 micent
918 3181 1101 3267 pariaeque
1124 3182 1302 3250 columnae

412 3305 597 3392 Fulgidave
619 3305 749 3373 auratis
769 3305 885 3374 littera
905 3305 1033 3392 scripta
1053 3306 1159 3391 uotis,

240 3436 278 3501 15
323 3435 384 3501 Ast
404 3431 530 3500 humile
553 3433 589 3498 et
609 3431 717 3500 solum
740 3432 862 3500 excisis
884 3431 921 3499 in
943 3431 1083 3518 rupibus
1105 3436 1261 3516 antrum,

407 3557 507 3627 Flent
529 3555 586 3625 ubi
609 3557 762 3626 demissis
783 3557 879 3627 lenta
900 3557 1021 3626 salicta
1043 3559 1165 3642 comis;

186 3661 191 3671 ’
321 3683 421 3753 Nulla
441 3686 559 3752 tamen
581 3700 650 3751 nox
673 3701 775 3752 caeca
796 3687 833 3752 et
855 3683 950 3752 nulla
970 3684 1144 3753 oblitterat
1166 3688 1277 3771 aetas,

406 3809 586 3900 Gloriaque
608 3810 768 3878 increscit
789 3811 848 3878 sad
870 3811 980 3898 magis
1001 3813 1103 3897 atque
1126 3811 1244 3897 magis.

318 3933 404 4004 Huic
425 3951 584 4020 exangue
606 3935 674 4002 mci
696 3935 877 4021 speluncae
899 3955 1020 4022 corpus
1042 3939 1117 4006 lesu

230 4063 274 4129 20
406 4063 595 4129 Marmoreo
617 4059 749 4128 illatum
771 4060 956 4148 deposuere
978 4063 1054 4129 toro
1066 4079 1075 4144 ;

317 4189 464 4273 Tresque
485 4185 601 4254 locant
624 4187 761 4271 propter
783 4189 947 4272 peracuta
969 4186 1105 4271 cuspide
1128 4189 1260 4272 vectes,

405 4310 597 4398 Poenisque
620 4310 775 4379 immixto
798 4310 887 4380 fellis
907 4311 1032 4380 acerba
1053 4329 1166 4395 mero,

318 4437 446 4506 Hostile
469 4439 506 4506 et
528 4437 627 4507 tunes
648 4439 685 4506 et
706 4441 799 4508 serta
819 4438 969 4524 rigentia
991 4419 1112 4523 vepre,

405 4564 499 4662 Quae
521 4563 632 4650 capite
656 4582 676 4631 e
697 4581 777 4632 caro
800 4562 983 4632 Parthenia
1004 4563 1201 4632 abstulerat.
