3560 5368
740 727 975 847 ennom
1012 730 1029 810 1

593 949 911 1014 CONDEMNATVR
932 951 990 1015 AD
1016 949 1186 1014 CRVCEM

391 1681 454 1758 Qui
477 1682 564 1749 licus
586 1681 721 1748 evertet
742 1695 899 1766 supremo
923 1683 1074 1765 tempore
1098 1680 1262 1748 mundum

477 1807 584 1891 Inque
606 1803 700 1871 leves
721 1802 855 1872 cineres
882 1802 964 1888 igne
987 1804 1132 1871 vorante
1155 1803 1271 1888 dabit,
1296 1823 1300 1830 ·

392 1928 529 2015 Ingenti
550 1927 728 2012 aligerum
750 1929 863 1994 turma
883 1926 1029 2012 stipatus
1050 1925 1088 1992 in
1110 1927 1232 1996 aethra

477 2053 634 2138 parebit,
665 2053 813 2121 subitum
836 2051 951 2136 fulgur
972 2052 1012 2118 ut
1033 2069 1100 2119 axe
1124 2052 1250 2136 micat,

326 2182 349 2247 5
391 2179 563 2264 ludexque
585 2177 737 2245 insidens
758 2174 841 2243 solio
863 2174 1085 2244 irrevocabile
1108 2178 1251 2244 verbum

479 2301 655 2387 Proleret,
685 2319 727 2370 ac
750 2301 924 2388 trepidans
945 2300 1062 2369 audiet
1084 2319 1186 2370 omne
1209 2321 1338 2388 genus;

390 2435 422 2498 Is
444 2430 558 2513 modo,
582 2428 749 2496 devinctis
770 2426 927 2496 scelerati
949 2427 992 2494 ad
1023 2427 1185 2512 praesidis
1207 2427 1321 2496 aulam

476 2556 558 2622 Post
581 2555 716 2637 tergum
739 2550 914 2631 manibus,
938 2567 1002 2619 ceu
1024 2569 1103 2618 reus
1126 2551 1301 2638 abripitur.

394 2677 463 2745 lh!
488 2677 655 2763 quisnam,
679 2679 767 2744 bone
790 2675 836 2742 mi
860 2678 952 2758 lesu,
976 2674 1131 2761 quisnam
1155 2676 1326 2763 improbus
1348 2697 1450 2748 ausus

307 2805 348 2870 10
478 2805 570 2870 Haec
593 2800 740 2881 inferre,
766 2801 805 2866 ut
825 2800 884 2866 vix
905 2800 950 2866 sit
972 2799 1033 2866 tibi
1058 2799 1166 2868 forma
1190 2801 1280 2868 viril

392 2931 465 2996 Heu
489 2929 579 2995 serus
601 2926 678 2994 ille!
705 2924 828 3011 triplex
849 2925 1042 3011 praecingit
1064 2927 1205 3011 pectora
1227 2930 1349 3009 robur,

481 3052 616 3120 llnutrit
639 3051 755 3136 tigris,
786 3067 890 3118 saeve
911 3050 1036 3118 leaena
1058 3050 1161 3119 fovet.

393 3180 465 3255 Quo
489 3177 624 3262 fulgens
645 3176 729 3244 abiit
750 3175 852 3244 decor
876 3176 914 3242 et
935 3175 1028 3242 color
1050 3176 1198 3262 optimus
1220 3179 1307 3262 oris,

480 3305 520 3370 m
541 3301 692 3387 specior,
719 3317 787 3386 qua
809 3316 880 3368 non
903 3299 1013 3367 altera
1035 3301 1237 3369 amabilior?

308 3433 348 3496 15
393 3427 577 3496 Foedatum
600 3426 680 3494 tabo
703 3427 821 3512 pectus
843 3425 1022 3511 crinesque
1045 3426 1171 3493 revulsi

482 3554 715 3637 Temporaque
737 3548 852 3614 infixis
881 3549 1118 3634 perterebrata
1141 3551 1253 3632 rubis3

394 3677 580 3763 Detritique
602 3675 684 3750 ostri
708 3691 862 3759 pannus,
893 3672 1038 3741 ludibria
1059 3673 1167 3760 plebis

483 3801 605 3887 Impia,
631 3799 689 3864 vix
712 3799 891 3866 humerum
914 3801 949 3865 et
972 3797 1117 3866 vulnera
1139 3799 1212 3867 dire
1234 3802 1339 3886 tegit:

394 3927 567 4008 Vulnera,
591 3925 676 4012 proh
699 3923 812 3991 dolor!
839 3923 1027 3991 innumeris
1048 3927 1226 4010 geminata
1249 3926 1412 4012 flagellis,

304 4058 348 4122 20
480 4049 576 4119 Unde
599 4067 695 4118 sacer
717 4048 814 4134 largo
842 4046 982 4116 flumine
1005 4049 1145 4132 sanguis
1166 4050 1216 4116 iit.

394 4178 510 4247 Elatus
533 4175 639 4242 multo
661 4176 783 4242 contra
804 4173 902 4242 sedet
924 4172 1063 4257 agmine
1093 4192 1253 4260 praeses:

481 4302 567 4367 Hinc
591 4317 710 4382 enses,
741 4297 836 4364 illinc
857 4313 969 4364 aenea
991 4299 1089 4364 scuta
1111 4299 1251 4366 micant.

393 4429 490 4496 Serta
512 4429 634 4513 caput,
663 4425 838 4509 gemmata
860 4423 1018 4493 humeros
1040 4424 1125 4493 dant
1146 4426 1323 4512 splendida
1346 4427 1472 4496 circum

483 4546 610 4628 Pallia,
632 4547 762 4615 sidonio
785 4547 912 4614 murice
934 4547 1019 4616 sella
1041 4549 1149 4615 rubet
