3472 5360
673 541 786 594 tisun
818 542 998 596 sncvnovs
1382 529 1445 595 125

341 667 410 734 Nec
433 667 576 734 Domino
598 667 734 752 laudes,
758 685 823 738 nec
846 668 962 755 regius
984 668 1125 736 insonat
1147 667 1315 754 hymnus,

343 792 437 860 Neve
459 793 562 861 tubae
584 793 784 862 citharasve
806 797 959 876 canunt,
982 792 1177 878 squalentia
1200 791 1291 873 late,

342 915 525 1001 Splendida
547 936 635 1006 quae
659 919 798 987 fuerant
819 917 936 1003 donis,
960 919 1086 988 altaria
1108 919 1239 1004 lugent.

343 1042 492 1112 Victima
513 1043 609 1114 nulla
631 1044 743 1129 cadit,
767 1044 853 1112 nulli
874 1048 955 1114 sunt
978 1045 1064 1113 turis
1086 1043 1226 1126 odoras,

230 1167 294 1234 490
340 1169 413 1238 Νοο
435 1172 495 1238 tua
517 1171 649 1240 cinctus
671 1171 783 1257 ephod
805 1171 915 1240 intrat
936 1171 1006 1239 iam
1029 1171 1159 1258 templa
1179 1169 1358 1239 sacerdos:

343 1295 471 1363 Iustam
493 1297 645 1379 etenim,
670 1296 801 1381 fateor,
824 1296 933 1382 culpis
954 1295 1171 1364 incendimus
1192 1296 1301 1379 iram,

344 1422 568 1509 Incubuitque
591 1422 720 1492 malum
742 1421 896 1506 miseris,
919 1441 986 1510 quo
1010 1422 1127 1490 durius
1149 1439 1298 1508 unquam

344 1546 442 1616 Haud
465 1548 562 1628 tulit,
589 1547 681 1616 haud
704 1549 793 1617 ieret
815 1548 886 1617 ulla
907 1548 988 1617 dies
1013 1547 1175 1616 Miserere
1199 1550 1357 1630 tuorum,

345 1673 588 1760 Omnipotens,
613 1675 669 1761 qui
693 1676 793 1744 tanta
814 1674 972 1744 Abrahae
996 1674 1160 1760 promissa
1181 1673 1332 1742 dedisti:

233 1799 299 1864 495
345 1799 454 1874 Quum
477 1798 624 1885 Solymis
644 1799 769 1869 lemida
792 1802 887 1868 satus
909 1802 970 1868 tua
992 1799 1121 1887 templa
1142 1801 1315 1880 sacraret,

346 1923 392 1990 Te
415 1922 486 1991 fore
509 1923 693 2010 propitium
717 1924 837 1992 iurasti
860 1923 896 1991 in
919 1925 1002 1992 vota
1025 1925 1249 2010 precantum,

346 2047 410 2122 Qui
433 2048 549 2134 procul
572 2051 718 2118 externo
740 2048 871 2118 ducunt
894 2049 931 2115 in
955 2048 1054 2117 litore
1077 2049 1194 2117 vitam.

434 2173 488 2242 Sic
509 2173 696 2243 lacrimans
718 2178 795 2243 orat
817 2177 935 2257 vates,
959 2175 1095 2262 quando
1117 2173 1235 2241 invida
1258 2173 1358 2241 turba

347 2299 470 2384 Irruit‚
492 2303 598 2387 utque
621 2301 713 2369 stata
734 2300 906 2386 plectatur
928 2302 1039 2368 morte
1062 2298 1219 2386 reposcit.

235 2427 302 2492 500
348 2423 496 2492 Indoluit
517 2425 646 2510 cyrus,
669 2425 862 2512 frustraque
885 2427 1045 2494 avertere
1068 2441 1149 2493 caro

349 2551 530 2618 Portentat
552 2549 655 2636 capiti
679 2553 831 2635 pestem:
854 2567 936 2618 nam
961 2549 1072 2619 ferrea
1095 2549 1151 2618 lex
1173 2551 1226 2618 est

348 2676 550 2755 Persarum,
573 2689 663 2742 neve
686 2673 758 2759 ipse
779 2675 892 2760 potest
915 2675 1049 2740 mutare
1071 2674 1250 2756 tyrannus.

348 2800 437 2884 Ergo
460 2816 603 2885 gemens
624 2799 807 2885 multisque
831 2799 1035 2867 humectans
1057 2796 1191 2866 fletibus
1213 2817 1294 2867 ora:

348 2926 458 3001 Quem
480 2926 563 2995 colis
584 2926 828 3012 Omnipotens,
852 2923 993 3007 Daniel,
1016 2926 1052 2992 te
1076 2925 1239 3011 sospitet,
1263 2924 1392 3010 inquit,

239 3055 305 3117 505
349 3051 545 3140 Eripialque
570 3051 661 3120 feris.
685 3053 769 3118 Tum
791 3049 905 3119 dicere
927 3049 1027 3136 plura
1049 3049 1224 3118 volentem

349 3176 526 3264 Singultus
547 3177 729 3264 prohibent
750 3175 981 3262 lacrimaeque
1004 3191 1150 3260 perora
1173 3174 1318 3244 volutae.

351 3301 483 3372 Anulus
505 3302 558 3370 his
579 3301 679 3371 dictis
700 3301 861 3386 obsignat
883 3301 999 3385 regius
1020 3302 1170 3369 antrum.

438 3429 485 3496 Ut
506 3427 653 3515 primum
676 3427 776 3496 fovea
798 3426 919 3495 Daniel
941 3426 1095 3496 occlusus
1117 3427 1153 3493 in
1175 3426 1246 3493 ima
1268 3429 1340 3508 est,

352 3555 483 3641 Poplite
506 3553 698 3641 procumbit
718 3534 827 3637 dexo‘,
851 3553 1049 3639 palmasque
1072 3551 1253 3637 oculosque

242 3684 307 3748 510
354 3681 510 3764 Attollit,
533 3681 705 3766 tacitoque
727 3681 835 3748 Deum
856 3677 918 3746 sub
940 3679 1041 3747 corde
1062 3680 1232 3765 precatur.

352 3809 446 3876 Tunc
469 3807 574 3876 Pater
595 3805 833 3892 omnipotens,
856 3803 921 3872 toti
944 3804 1003 3889 qui
1025 3806 1189 3892 prospicit
1210 3806 1304 3887 orbi,

352 3929 502 3998 Sollicito
524 3930 697 3998 insontem
717 3929 880 3997 iuvenem
903 3927 1086 3996 miseratus
1106 3947 1247 4014 amoro,

355 4059 468 4126 Unum
489 4075 533 4124 ex
554 4056 722 4142 aligeris,
745 4055 801 4143 qui
825 4057 895 4124 iam
919 4055 1042 4124 feralia
1064 4055 1170 4124 verba

355 4181 542 4268 Scripserat
563 4180 693 4267 amyrin
715 4179 807 4266 rogi,
829 4183 941 4249 vocat.
964 4183 979 4247 1
1002 4179 1109 4264 citus,
1133 4180 1268 4267 inquit,

245 4309 311 4376 515
355 4308 439 4376 Fide
461 4325 566 4395 puer,
589 4308 764 4393 Babylona
786 4309 886 4394 pete,
909 4307 1046 4392 imaque
1069 4305 1176 4374 lustra
1198 4305 1346 4374 ferarum

357 4435 564 4520 Ingredere,
586 4437 624 4503 et
645 4451 762 4502 carum
784 4433 946 4502 iuvenem
967 4433 1078 4501 solare
1100 4431 1271 4500 iacentem
1283 4448 1292 4512 ;

358 4561 450 4629 hiler
472 4580 593 4648 opem:
616 4579 681 4629 nec
704 4558 822 4646 plura,
846 4559 907 4627 tibi
930 4577 1008 4626 mea
1030 4559 1114 4626 nota
1136 4557 1302 4624 voluntas.
