3576 5376
348 517 414 583 322
733 535 819 585 mna
840 534 962 586 cnvc1s
985 536 1007 585 1.
1031 534 1058 584 c.
1080 533 1112 584 n.
1137 533 1171 584 n.

370 661 415 726 25
458 659 543 728 Siste
566 661 705 746 pedem,
728 678 807 730 mea
829 661 961 748 Virgo„
986 662 1064 728 tuus
1085 661 1236 728 mutatus
1257 659 1301 726 ab
1323 657 1380 725 illo

544 787 618 854 Heu
640 789 806 872 quantum
829 789 882 856 est
902 786 1015 854 lesus!
1041 802 1142 873 quem
1164 786 1268 852 ubere
1292 783 1446 869 virg'neo

457 909 595 978 Enutris
623 910 822 998 gremioque
845 911 956 995 foves,
991 911 1171 996 specieque
1194 907 1318 978 decora

544 1034 718 1120 Insignem
741 1035 833 1104 cives
854 1035 1048 1121 discupiunt
1070 1033 1193 1120 superi.

340 1189 343 1196 ·
457 1157 507 1224 Ne
531 1175 660 1244 poenas
682 1159 817 1244 poenis,
841 1177 886 1228 ue
907 1159 1019 1228 luctus
1041 1158 1186 1226 luctibus
1208 1157 1294 1224 adde
1306 1174 1315 1238 ;

367 1281 411 1346 30
543 1284 667 1364 Parce,
692 1300 828 1368 precor,
855 1283 988 1365 Gnate,
1012 1283 1049 1350 ni
1073 1285 1170 1369 potes
1191 1281 1265 1367 ipsa
1288 1279 1359 1346 tibi.

453 1405 541 1482 Quot
562 1406 706 1474 comites
721 1407 819 1490 estis,
844 1407 977 1474 Christo
1000 1404 1178 1491 prohibete
1201 1405 1400 1490 parentem,

544 1531 594 1598 Ne
618 1550 718 1599 cruce
740 1531 942 1618 supplicium
964 1530 1081 1598 durius
1103 1531 1176 1616 ipsa
1198 1529 1297 1597 ierat.

455 1657 595 1724 Frustra
616 1658 702 1726 haec
722 1659 916 1727 iactabam:
941 1649 1114 1726 lictoribu's
1135 1656 1236 1725 obvia
1258 1657 1368 1724 Mater

543 1784 597 1849 116
620 1783 714 1852 videt
734 1783 842 1870 turpis
864 1783 932 1850 iam
957 1782 1030 1851 iera
1051 1782 1152 1868 signa
1173 1782 1277 1850 necis.

366 1906 410 1971 35
455 1906 541 1973 Ecce
562 1907 652 1975 latus
672 1908 804 1992 gemini
827 1907 945 1976 tunica
967 1907 1131 1994 cingente
1165 1906 1316 1975 latrones

542 2029 697 2097 Devincti
719 2031 866 2099 subeunt
889 2030 1028 2098 brachia
1050 2029 1234 2098 roboribus

453 2155 540 2222 Hinc
562 2156 677 2223 senior
698 2160 810 2225 musto
833 2157 1005 2240 madidus,
1032 2174 1203 2242 saevoque
1225 2155 1381 2240 trucique

542 2282 686 2364 Obtutu,
713 2282 871 2350 infandos
893 2282 1022 2350 evomit
1045 2299 1103 2350 616
1125 2299 1249 2350 sonos:

453 2405 568 2471 Iunior
589 2405 647 2472 ille
670 2405 741 2474 solo
764 2406 895 2475 defixus
916 2407 1067 2488 lumina,
1091 2406 1211 2474 mitem

364 2531 409 2594 40
544 2529 686 2597 Miratus
707 2530 894 2614 Christum,
924 2531 1069 2617 piurima
1091 2533 1208 2598 mente
1232 2531 1357 2598 movet.

452 2655 548 2722 Haud
572 2657 688 2722 tamen
712 2655 796 2724 haec
818 2657 964 2724 Matrem
987 2655 1147 2742 rapiunt,
1172 2673 1278 2722 unum
1301 2657 1397 2740 optat
1418 2655 1532 2719 lesum

542 2777 708 2860 Sollicita,
740 2780 804 2848 hoc
826 2799 895 2848 uno
918 2781 1035 2865 ligitur
1057 2779 1195 2846 intuitu.

454 2901 570 2969 Visum
593 2905 811 2986 horrendum,
835 2903 1008 2972 immane!
1032 2903 1131 2989 gravi
1154 2903 1217 2970 sub
1239 2903 1389 2989 pondero
1413 2917 1538 2967 curvus

538 3031 682 3098 Incertis
704 3029 856 3097 Christus
877 3049 981 3118 saepe
1003 3030 1097 3098 labat
1120 3029 1289 3114 gradibus.

364 3155 407 3217 45
450 3155 495 3220 Os
515 3154 692 3240 squalens,
717 3154 881 3239 informe,
904 3155 1090 3240 attritaque
1114 3171 1256 3239 corpora
1280 3152 1408 3238 plagis,

539 3280 582 3345 nt
604 3279 708 3348 iacies
730 3278 831 3348 hirtis
852 3279 1119 3365 sanguinolenta
1140 3278 1241 3346 rubis

452 3401 572 3483 Salve,
597 3403 726 3487 Mater,
750 3402 820 3486 ait,
845 3405 1058 3472 moerentem
1081 3405 1119 3469 ut
1142 3402 1252 3470 cernit
1274 3403 1387 3482 lesus3

541 3525 604 3593 illa
627 3526 732 3593 nihil:
757 3528 873 3595 renuit
895 3530 1001 3596 verba
1023 3525 1153 3594 1616116
1175 3524 1280 3593 dolor.

450 3648 584 3718 Scilicet
607 3651 679 3732 hic,
703 3651 838 3721 Simeon
862 3652 1050 3738 praedixit,
1080 3655 1243 3720 barbarus
1266 3649 1378 3732 cusin,

365 3771 408 3836 50
540 3771 604 3848 Qui
626 3775 744 3859 pectus
768 3773 858 3843 ierro
881 3775 1042 3860 transigit
1072 3774 1224 3861 ancipiti.

453 3899 524 3962 Iam
546 3899 581 3963 te
604 3897 782 3966 carnifices
805 3899 917 3982 inter,
941 3899 1010 3985 pila
1032 3899 1124 3967 inter
1146 3901 1182 3967 et
1204 3915 1304 3966 enses

538 4019 703 4102 Coniicis,
727 4021 903 4090 immensis
924 4022 1060 4106 ignibus
1082 4021 1151 4088 urit
1173 4041 1279 4088 amor.

451 4142 523 4209 Ah!
548 4143 669 4229 sinite,
692 4145 842 4215 immites
863 4147 1022 4228 animae,
1046 4163 1091 4214 ne
1114 4144 1231 4232 pellite
1256 4148 1420 4222 Matrem,

537 4270 723 4355 Amplexus
746 4271 859 4339 Gnato
882 4289 927 4339 ne
952 4272 1128 4357 prohibete
1152 4288 1222 4338 suo.

361 4393 405 4457 55
449 4395 500 4458 En
525 4395 707 4462 moriturus
728 4395 821 4477 abit3
846 4396 990 4464 miserae
1013 4396 1082 4464 iam
1104 4395 1257 4480 parcite3
1281 4391 1444 4479 numquid

537 4521 602 4586 Fas
623 4519 723 4604 dare,
747 4537 823 4588 cum
846 4521 936 4588 celso
959 4520 1079 4589 robore
1103 4521 1247 4605 pendet,
1270 4517 1363 4586 eritl
