3560 5368
691 535 809 610 ‚urana
833 534 966 585 earmvs
1372 524 1436 588 239
1581 522 1597 552 ’

337 660 432 728 Neve
455 660 568 727 lerant
590 677 763 745 unquam,
797 677 884 744 quae
909 657 999 726 lama
1022 660 1184 729 terminet
1205 631 1325 744 astris3

226 787 292 852 230
337 785 425 852 Nam
447 784 613 869 quotquot
635 782 774 850 fuerunt
796 784 913 866 vates,
938 783 995 868 qui
1018 785 1171 852 carmine
1193 803 1290 855 sacro

335 909 596 1002 Praemonuere
621 905 725 972 Deum
748 903 883 972 mortali
905 923 1045 991 corpore
1068 903 1241 975 cinctum.

336 1031 528 1098 Venturum
550 1029 587 1096 in
609 1031 740 1113 terras,
762 1028 899 1111 vincet,
934 1046 1177 1118 nemorumque
1200 1050 1352 1102 recessus

336 1153 487 1237 incolet,
510 1157 613 1239 atque
636 1153 731 1221 cibus
752 1153 898 1222 silvestri
921 1153 1022 1221 melle
1045 1155 1217 1240 locustae;
1300 1162 1302 1168 '

336 1275 462 1344 Pocula
482 1274 680 1359 sanguineis
701 1293 771 1342 non
795 1275 843 1341 illi
870 1293 986 1360 pressa
1009 1277 1154 1346 racemis

223 1405 291 1470 235
336 1402 408 1470 Nec
428 1401 578 1483 sicerae,
601 1400 660 1467 sed
683 1398 823 1485 lympha
843 1399 935 1466 sitim
957 1401 999 1467 de
1023 1401 1118 1471 tonte
1140 1377 1284 1472 levabit.

336 1527 363 1594 Ο
385 1526 510 1594 iterum
534 1523 634 1592 felix!
665 1524 741 1610 ipsa
762 1543 852 1610 quae
874 1527 995 1595 matris
1016 1526 1053 1593 in
1075 1527 1153 1596 alvo

334 1650 511 1737 Concipiet
532 1653 648 1718 tantos
668 1648 775 1716 divini
797 1639 962 1718 Flaminis
983 1652 1105 1738 ignes,

337 1775 380 1840 Ut
402 1774 496 1842 nullo
519 1772 615 1841 vivat
636 1772 801 1860 pollutam
822 1775 966 1844 crimine
989 1776 1105 1845 vitam.
1170 1813 1175 1825 ·

335 1902 488 1970 Mentem
509 1900 728 1986 animumque
751 1919 876 1985 gerens
893 1903 983 1972 vatis
1004 1921 1106 1991 super
1127 1906 1270 1973 aethera
1292 1923 1393 1973 curru

222 2029 290 2094 240
334 2027 512 2114 Ignivomo
534 2027 642 2110 vecti,
665 2031 849 2113 componet
870 2047 954 2116 pace
978 2035 1138 2117 parentes

335 2153 377 2221 Et
398 2155 540 2240 gnatos,
563 2153 666 2220 Mosis
687 2152 782 2238 leges
803 2156 841 2222 et
863 2155 952 2223 iussa
975 2156 1129 2224 docebit:

333 2278 525 2347 Abramidls
547 2279 720 2346 hominem
754 2279 958 2349 mirantibus
980 2300 1101 2368 aspera
1124 2283 1215 2351 vitae

333 2405 529 2474 sectantem
563 2406 600 2470 et
621 2405 762 2491 populos
784 2405 978 2492 tingentem
1001 2408 1140 2477 flumine
1163 2429 1281 2493 sacro,

333 2531 597 2617 abstergentem
620 2531 728 2600 animi
749 2532 844 2600 labes
867 2533 1071 2620 veniamque
1094 2538 1302 2620 precantem.

220 2661 288 2726 245
331 2658 471 2726 Dixerat
493 2657 579 2725 haec
601 2656 758 2727 Gabriel:
790 2658 901 2744 posita
923 2659 1102 2727 tormidine
1127 2659 1217 2727 latur

332 2783 509 2850 Zacharias
530 2785 672 2850 contra:
695 2783 789 2860 Quae
812 2783 872 2851 das
894 2785 977 2852 mihi
999 2786 1144 2872 pignora
1166 2785 1280 2868 dictis,

332 2910 506 2995 Penniger
528 2909 640 2996 mma,
662 2910 755 2978 tuisl
778 2913 886 2980 carae
912 2912 980 2979 iam
1003 2912 1156 2998 coniugis
1177 2911 1261 2979 anni

332 3034 528 3120 Detluxero,
552 3036 634 3104 mihi
658 3036 757 3105 venit
777 3055 910 3123 quoque
934 3037 1062 3106 tardior
1083 3039 1189 3106 aetas.

331 3163 424 3238 Quae
446 3181 524 3249 spes
545 3163 648 3249 prolis
670 3163 757 3246 erit,
788 3163 926 3231 senibus
944 3181 1047 3250 quum
1070 3182 1211 3249 corpore
1234 3164 1325 3230 vires

220 3293 285 3357 250
329 3289 511 3374 batiolam,
543 3307 608 3361 nec
630 3292 737 3360 restet
758 3291 869 3359 adhuc
892 3291 957 3359 nisi
980 3292 1081 3360 funus
1103 3291 1280 3378 utrisque?

329 3417 413 3484 Tum
435 3418 525 3484 Puer
546 3415 739 3500 aetherius,
763 3417 834 3484 Tibi
859 3418 978 3485 miserus
998 3417 1161 3501 nuntius,
1185 3416 1315 3503 inquit,

329 3541 476 3628 Sumque
498 3544 636 3627 egomet
658 3542 815 3624 Gabriel,
847 3543 927 3611 altis
948 3545 1005 3631 qui
1027 3543 1161 3613 sedibus
1182 3544 1300 3611 adsum

328 3667 470 3735 Aeterni
495 3667 606 3735 Patris
638 3670 675 3736 et
696 3669 860 3738 mandata
881 3687 1058 3756 capessere
1080 3669 1211 3755 dignor.

329 3791 435 3877 Signa
456 3789 563 3874 dabo,
586 3809 689 3878 quum
712 3793 813 3881 signa
834 3796 921 3881 petia
933 3814 943 3877 ;
966 3797 1090 3864 dehinc
1113 3815 1196 3864 voce
1220 3796 1351 3865 carebis

218 3920 285 3986 255
330 3919 441 4004 Usque
464 3917 546 4002 tibi,
569 3921 715 3988 eventus
738 3920 846 3990 donec
877 3921 966 3991 ierat
988 3924 1100 3991 exitus
1122 3922 1254 4010 ingens.

329 4045 423 4114 l'alia
444 4048 599 4116 moratae
622 4047 729 4116 cellae
753 4046 833 4116 dum
857 4051 954 4135 parte
977 4067 1129 4118 recessus

327 4172 520 4257 Eveniunt,
547 4173 675 4260 stipata
696 4174 857 4262 frequens
877 4177 973 4244 stant
994 4177 1084 4245 atria
1106 4178 1254 4260 circum,

239 4355 244 4368 .
327 4299 410 4365 l'am
432 4297 557 4384 longae
579 4317 666 4388 quae
689 4319 792 4370 causa
814 4320 930 4370 morae
953 4303 997 4372 sit
1019 4304 1136 4372 nescia
1156 4307 1274 4387 turba,

326 4424 482 4492 Mussitat
503 4429 606 4513 alque
629 4427 744 4495 animo
767 4427 935 4496 dubitanti
967 4428 1065 4516 plura
1089 4401 1249 4530 volutat'

217 4551 283 4618 260
327 4553 413 4620 Ecce
434 4555 551 4621 autem
574 4553 688 4624 senior
717 4555 793 4644 post
815 4557 894 4627 tura
915 4557 1057 4626 incensa
1074 4557 1234 4627 sacerdos
