3576 5376
321 497 387 564 336
609 511 695 562 mun
709 509 831 562 cavom
848 511 870 561 1.
887 509 916 561 c.
933 509 964 560 o.
981 511 1017 561 s.
1032 529 1051 544 -
1067 509 1203 560 nouom
1220 511 1246 560 x

430 637 612 706 Parthenia
634 639 783 724 obriguit
805 639 897 724 visu,
920 655 1089 725 curaeque
1112 639 1310 716 recursant,
1340 597 1343 606 ’

515 764 622 832 Corde
646 769 762 834 movet
784 783 915 834 summo
937 767 1020 834 vota
1041 781 1228 852 precesque
1250 761 1354 830 Patri.

427 889 559 957 Annuit
581 889 805 975 Omnipotens
812 907 822 972 ;
846 890 982 975 Solyma
1005 889 1148 958 festinat
1168 886 1313 955 anhelus

338 1016 382 1080 30
514 1015 548 1074 (a)
578 1014 787 1096 ionadabes,
809 1017 940 1083 turmas
962 1015 1089 1082 etruit
1110 1016 1148 1081 in
1172 1011 1299 1081 medias

427 1138 481 1206 Nil
503 1139 649 1220 veritus,
674 1137 874 1225 nominique
896 1141 1008 1206 sinum
1031 1138 1225 1225 praecingit
1246 1133 1399 1204 amictu:

514 1263 658 1332 Semitas
681 1262 779 1332 felix!
804 1263 885 1330 hinc
907 1264 969 1330 tibi
994 1265 1094 1349 parta
1115 1261 1216 1330 salus

346 1431 349 1450 ,
428 1389 508 1464 Quis
531 1391 648 1456 tamen
670 1392 705 1458 et
727 1389 855 1475 praeda
877 1391 913 1457 et
935 1388 1050 1476 spoliis
1072 1389 1222 1476 potietur
1244 1385 1387 1473 opimist

515 1513 684 1600 Abreptus
705 1513 838 1582 Christo
860 1515 937 1601 quis
960 1513 1050 1583 ieret
1069 1513 1231 1582 exuviasl

339 1639 384 1706 35
428 1637 633 1706 Fortunate!
656 1641 786 1708 etenim
809 1639 982 1725 praesigni
1005 1657 1148 1708 munere
1170 1639 1284 1720 divcs;

515 1761 674 1830 Vestibus
696 1762 749 1830 his
770 1761 883 1849 prodit
904 1762 991 1831 mira
1013 1763 1183 1849 stupenda
1205 1763 1303 1829 Deus.

426 1887 521 1954 Clam
544 1885 625 1954 licet
645 1886 814 1971 attingas,
838 1886 950 1955 subito
972 1887 1068 1955 dolor
1090 1885 1212 1972 adtigit
1234 1884 1360 1964 omnis,

516 2010 586 2077 Nec
609 2008 741 2078 medica
764 2010 907 2096 quodvis
929 2009 1063 2097 indiget
1086 2010 1161 2078 arte
1184 2007 1325 2076 malum.

430 2133 482 2201 Nil
507 2133 606 2202 modo
628 2133 673 2202 sit
696 2135 856 2203 monstri:
878 2133 1008 2204 sileant
1028 2133 1194 2202 miracula
1218 2149 1351 2200 rerum:

341 2257 385 2324 40
517 2258 611 2324 Unus
633 2273 726 2324 nunc
749 2257 856 2325 tacita
878 2273 963 2324 voce
987 2256 1147 2343 loquatur
1168 2274 1274 2324 amor.

427 2381 537 2446 Instat
558 2397 654 2446 amor
676 2379 815 2466 generis
837 2380 932 2448 labes
953 2379 1152 2466 abstergere
1177 2377 1303 2458 nostri,

519 2503 674 2572 sidereas
695 2505 812 2590 aegris
833 2508 870 2574 ct
891 2523 1047 2574 reserare
1070 2505 1168 2573 tores

428 2631 517 2714 Ergo
540 2631 637 2715 parte
661 2629 731 2698 alia
753 2629 892 2700 lictores
913 2633 1005 2699 sorte
1029 2629 1214 2698 trahebant

519 2756 628 2831 Quam
651 2755 803 2824 tunicam
826 2756 932 2841 Virgo
955 2758 1100 2826 neverat
1122 2757 1197 2842 ipsa
1219 2757 1369 2820 Parcus:

342 2881 386 2946 45
431 2883 472 2947 st
497 2882 582 2948 ncne
606 2883 802 2966 pertulum
826 2883 1026 2950 contextam
1049 2880 1195 2966 desuper
1216 2879 1333 2947 orbem

516 3003 685 3079 Quattuor
704 3003 741 3071 in
764 3007 880 3090 partes
900 3005 1055 3074 scindere
1078 3007 1178 3091 turpe
1204 3003 1302 3071 foret.

431 3128 501 3194 Hoc
523 3144 656 3214 quoque
679 3127 881 3215 iampridem
904 3129 989 3197 vidit
1010 3147 1108 3197 mens
1129 3124 1383 3214 provideretis

519 3253 668 3338 Iessidis,
692 3271 790 3323 sacra
811 3255 1070 3341 praecinuitque
1092 3255 1179 3340 lyra.

433 3377 558 3446 Edocet
580 3382 617 3446 et
639 3380 748 3446 maius
769 3383 905 3447 votum:
930 3397 1078 3466 namque
1102 3379 1204 3447 unica
1228 3379 1344 3458 terris,

344 3503 387 3568 50
518 3502 647 3588 Sponsa
669 3504 737 3571 mei
760 3505 854 3586 Iesu,
879 3507 915 3570 tu
938 3521 1071 3590 quoque
1094 3521 1229 3589 semper
1252 3504 1320 3571 eris

434 3625 559 3707 Unica,
583 3643 652 3694 non
676 3625 782 3694 ullum
805 3627 910 3695 vestis
931 3625 1118 3696 scindenda
1142 3644 1203 3714 per
1224 3619 1366 3694 aarum:

525 3751 600 3819 Una
622 3750 706 3820 fides
728 3752 765 3818 et
785 3769 863 3837 spes
885 3751 1007 3837 iunget
1027 3755 1064 3820 et
1086 3769 1175 3820 unus
1197 3769 1303 3820 amor.

433 3875 638 3943 Christiadas
660 3876 741 3944 totis
763 3875 887 3944 divisos
908 3857 1033 3945 finibus
1054 3895 1125 3944 una

522 4001 642 4086 coget,
667 4003 769 4086 teque
792 4017 880 4068 unns
903 4001 1024 4070 Pastor
1047 4002 1170 4089 ubique
1187 4007 1295 4086 reget.

347 4129 391 4193 55
434 4125 552 4207 Salve,
576 4141 704 4211 magna
726 4127 873 4208 Parens,
897 4125 1075 4194 hominum
1097 4127 1157 4194 tioi
1181 4127 1312 4195 credita
1326 4144 1426 4206 cura,

523 4253 707 4339 Imperium
731 4251 832 4320 terris
854 4255 890 4320 et
911 4253 986 4319 sine
1009 4253 1079 4320 flue
1102 4253 1229 4322 datum.

397 4467 430 4524 (1)
447 4465 501 4513 vioe
517 4480 572 4524 opus
594 4469 623 4514 a.
639 4466 681 4513 aa
707 4465 911 4520 unm-rerem,
928 4463 1030 4524 nproeop
1047 4465 1199 4525 marones,
1225 4469 1267 4514 cir
1279 4453 1419 4526 mimam
1430 4468 1531 4514 emmor

334 4530 513 4576 ccomruentotr'
529 4529 581 4576 [Ab.
597 4533 635 4583 19,
651 4544 670 4575 c.
687 4531 717 4574 11
734 4529 758 4574 ln
775 4529 921 4575 adnotatione
937 4527 1031 4576 adiecta.

399 4594 432 4652 (2)
448 4591 525 4638 Llceut
535 4593 616 4640 Poetae
632 4591 665 4638 uti
683 4591 737 4638 vlsr's
752 4605 791 4638 sen
807 4589 1035 4650 contemplationibus
1050 4591 1183 4649 Eumenen,
1200 4605 1255 4650 qius
1270 4605 1336 4651 supra
1353 4593 1527 4644 memoravimus,

332 4671 392 4714 puy.
409 4655 463 4700 113.
