3472 5360
654 504 767 556 LIBER
800 503 980 557 SECVNDVS

210 627 277 693 550
324 628 437 695 Unum
458 628 640 714 praeponit
662 629 815 697 cunctis:
839 629 989 700 Danielis
1011 629 1048 696 in
1071 630 1185 697 hostes

324 754 380 820 Ira
402 754 544 838 ardens,
567 772 709 823 saevum
733 754 918 824 trudendos
940 755 1081 823 mandat
1104 755 1140 821 in
1162 757 1310 822 antrum.

323 877 401 946 Non
424 878 570 965 tetigere
591 879 701 949 solum
724 881 860 965 miseri,
884 880 1093 950 lacrimabile
1117 878 1230 948 dictu!

325 1003 410 1072 cum
431 1005 590 1094 discerpti
612 1009 708 1075 artus
729 1007 916 1094 attritaque
931 1007 1099 1076 ¹dentibus
1120 1024 1215 1086 ossa,

325 1130 478 1202 Invidiae
500 1133 641 1201 meritas
662 1133 841 1201 solverunt
862 1133 1033 1220 sanguine
1053 1149 1192 1218 poenas

161 1271 170 1284 ·
215 1253 281 1319 555
327 1254 412 1322 Urbs
432 1258 548 1343 stupet
570 1257 704 1325 interea
726 1257 861 1342 magnis
883 1257 1067 1343 perterrita
1090 1255 1270 1324 monstris:

328 1381 412 1446 Tum
434 1382 525 1450 iussu
547 1383 639 1470 regis
660 1382 804 1470 populos
826 1383 883 1452 lex
907 1383 1015 1451 fertur
1036 1382 1080 1450 ad
1103 1400 1243 1466 omnes,

328 1505 542 1595 ludaeaeque
565 1511 671 1578 Deum
693 1511 809 1598 gentis
831 1511 913 1579 data
934 1510 1056 1597 auique
1079 1511 1230 1596 potestas

328 1633 371 1700 nt
393 1634 523 1721 colere,
547 1639 585 1705 et
607 1638 696 1706 votis
717 1637 892 1707 cumulare
915 1639 952 1704 et
974 1636 1105 1705 turibus
1127 1654 1213 1704 aras.

417 1759 462 1828 At
485 1761 604 1830 Daniel
627 1763 752 1832 iterum
775 1781 883 1848 regno
905 1761 1129 1848 praeponitur
1152 1760 1263 1844 omni,

217 1884 282 1949 560
327 1886 471 1973 luraque
493 1887 554 1956 dat
576 1889 709 1976 populis
732 1907 859 1976 magno
881 1886 1087 1976 spectandus
1109 1888 1248 1956 honore.

328 2011 529 2097 Dependent
551 2015 697 2100 gemmis
717 2033 870 2102 auroque
894 2014 1035 2082 monilia
1058 2013 1143 2082 collo

329 2135 530 2223 Splendida,
554 2139 647 2227 picta
670 2140 823 2226 chlamys
845 2140 1034 2209 circumdat
1057 2139 1185 2207 murice
1209 2140 1382 2221 membra,

331 2262 460 2334 ,anulus
482 2268 519 2334 et
540 2266 648 2352 digito
673 2266 802 2354 fulget;
827 2268 931 2334 decus
953 2265 1085 2335 addidit
1108 2266 1158 2333 ori

330 2389 572 2476 Omnipotens3
596 2410 695 2460 011110
718 2391 856 2460 vehitur
877 2391 1048 2476 sublimis,
1071 2393 1108 2459 et
1129 2391 1202 2459 alta

221 2513 288 2577 565
334 2515 425 2583 Voce
447 2554 493 2566 -
513 2516 623 2603 Caput
645 2518 742 2604 regi,
766 2517 883 2604 plebs,
906 2517 1071 2585 inclinate
1094 2518 1243 2584 secundo
1265 2555 1310 2564 —

333 2641 500 2711 Inclamat
522 2662 667 2730 praeeo;
691 2646 727 2712 et
748 2643 896 2714 subeunt
918 2643 1135 2730 clangoribus
1156 2661 1239 2712 aera

334 2765 497 2852 Festivis,
521 2769 605 2837 laeti
628 2770 754 2838 circum
778 2769 943 2857 puerique
965 2766 1167 2855 puellaeque

335 2894 516 2978 Exultant,
539 2897 743 2983 certantque
766 2913 874 2963 novos
895 2912 1123 2982 conspergere
1146 2893 1254 2962 liores.

422 3023 564 3108 Insuper
586 3021 805 3090 Ecbathanae
828 3020 904 3089 vult
926 3039 1087 3106 magnam
1108 3037 1287 3105 assurgere
1311 3021 1433 3088 molem

223 3148 289 3212 570
321 3146 461 3231 ·Gyrus,
485 3151 521 3217 et
542 3147 694 3233 ingentis
716 3147 814 3234 ponit
836 3149 1060 3216 monumenta
1081 3146 1241 3234 sepulcri·

337 3271 471 3340 Moenia
492 3274 652 3360 septenos
674 3272 830 3341 referunt
850 3274 995 3358 septena
1018 3272 1167 3357 colores,

335 3395 515 3464 Ordinibus
535 3415 639 3483 supra
659 3395 797 3484 positis,
821 3395 878 3463 ubi
901 3395 1040 3463 condita
1062 3413 1181 3480 regum

337 3521 485 3607 Corpora
508 3533 682 3608 persarum
705 3523 871 3591 recubent
892 3523 969 3607 post
993 3520 1084 3590 sata:
1108 3521 1261 3607 superbis
1316 3541 1318 3546 ’

337 3645 534 3715 For-uicibus
557 3648 709 3734 pendent
731 3647 869 3733 lychni;
892 3649 1039 3733 ponetur
1062 3649 1097 3716 et
1120 3647 1192 3733 ipse

226 3771 292 3837 575
336 3770 398 3839 Η10
420 3773 556 3855 Daniel,
580 3773 711 3858 gremio
733 3775 913 3859 postquam
935 3771 1130 3858 requiescat
1151 3771 1313 3838 Abrami:

336 3898 462 3968 Iudaea
484 3903 597 3976 0111101
618 3900 686 3968 0111
708 3900 762 3967 hic
785 3918 805 3968 0
827 3901 934 3986 gente
956 3900 1122 3968 sacerdos.

336 4025 466 4093 Cuncta
488 4026 611 4094 iuvant
633 4027 790 4113 plebem,
814 4028 851 4096 et
873 4026 987 4094 felicia
1009 4029 1167 4112 tempora
1188 4025 1275 4110 Cyro

339 4152 535 4233 Labuntur,
558 4151 753 4237 coeptisque
774 4153 863 4220 Deus
886 4150 980 4219 iavet
1003 4150 1074 4236 ipse
1096 4149 1262 4218 secundis.

680 4468 996 4489 ΝΜ
