3560 5368
362 505 427 570 252
833 521 1107 572 rnsrnnrunnos

382 649 425 710 70
471 645 643 726 flumina,
675 645 825 714 terrifica
847 647 1033 716 miscentur
1054 651 1091 716 et
1113 647 1229 715 omnia
1251 648 1366 716 caede.

472 774 596 854 Hagno
618 773 726 852 Deus,
750 791 895 858 propera
917 771 1015 841 fluxis
1035 791 1232 841 succurrere
1256 775 1356 840 rebus

471 897 512 963 Et
535 895 654 982 plagas
675 897 784 966 lenire
807 897 1004 982 bominum,
1029 898 1193 984 promissa
1215 897 1336 966 dedisti

470 1023 513 1089 nt
535 1023 622 1108 potis
644 1040 701 1090 es:
724 1023 824 1092 dictis
845 1024 925 1092 socii
948 1041 1126 1093 assensere
1149 1024 1344 1092 frementes.

472 1151 557 1215 Tum
579 1147 744 1228 Michael,
767 1148 881 1234 spoliis
903 1149 998 1218 caelo
1021 1150 1217 1236 praeclarus
1237 1149 1379 1230 averni,

383 1275 426 1338 75
471 1271 679 1357 Insequitur,
704 1274 924 1358 veteremque
947 1248 1069 1342 ducem
1090 1273 1290 1358 indignatus
1313 1271 1444 1356 abyssi,
1534 1304 1536 1312 ·

470 1395 635 1465 Condolet
656 1398 830 1466 aerumnis
852 1398 1028 1466 bominum
1051 1401 1088 1466 et
1108 1399 1157 1466 sic
1180 1415 1240 1465 ora
1262 1394 1422 1464 resolvit:

470 1519 615 1586 Hostiles
638 1521 816 1605 postquam
840 1519 956 1605 pulsae
980 1521 1060 1588 binc
1082 1521 1236 1588 occidere
1265 1519 1443 1597 cobortes

471 1647 561 1712 iuste
584 1646 690 1726 Deus,
719 1647 791 1712 toto
812 1645 927 1731 stirpis
948 1646 1127 1731 potiuntur
1150 1643 1271 1712 Adami

471 1771 634 1856 Imperio,
658 1772 695 1838 et
718 1772 874 1856 princeps
896 1769 1025 1838 incedit
1048 1771 1168 1838 mundi
1190 1769 1433 1854 bominumque

384 1898 427 1962 80
472 1895 610 1964 Invidus
631 1895 689 1964 ille
701 1913 710 1978 ;
744 1896 824 1980 iugo
847 1897 973 1982 premit
995 1896 1230 1982 obstrictisque
1253 1894 1385 1962 catenis

472 2023 666 2089 Humanum
689 2039 815 2106 genus,
848 2025 886 2090 et
908 2023 983 2108 post
1004 2021 1201 2090 discrimina
1224 2021 1338 2102 ritae,

432 2165 434 2172 ·
472 2145 654 2212 Servitium
676 2148 713 2214 et
733 2147 913 2231 postquam
936 2144 1074 2213 crudele
1096 2147 1132 2214 et
1156 2143 1302 2212 barbara
1322 2144 1412 2210 iussa

473 2267 639 2349 Pertulit,
662 2268 783 2338 infelix
808 2271 989 2338 tenebrosa
1011 2272 1047 2338 in
1070 2273 1202 2340 tartara
1224 2269 1339 2336 mittit.

474 2393 558 2458 Huic
581 2391 674 2474 diro,
706 2393 816 2461 scelus
838 2393 1038 2462 infandum!
1071 2392 1212 2461 delubra
1234 2395 1384 2476 tyranno

386 2520 429 2582 85
474 2517 652 2586 Tolluntur
675 2519 819 2603 passim,
842 2519 967 2604 panim
990 2518 1157 2586 tolluntur
1180 2519 1216 2585 et
1238 2535 1320 2584 arae

473 2645 560 2710 Ture
584 2645 790 2728 vaporalae;
822 2661 887 2711 nec
910 2647 1046 2712 tantum
1069 2641 1282 2727 hoedumque
1307 2643 1471 2724 boumque

472 2767 590 2834 Hostia
612 2767 721 2836 multa
744 2769 852 2850 cadit,
884 2785 1003 2836 verum
1027 2773 1063 2834 et
1085 2767 1268 2836 simulacra
1289 2765 1450 2842 deorum,

474 2893 638 2960 Horresco
662 2910 873 2974 memorans,
909 2895 1058 2960 humano
1079 2892 1250 2977 sanguine
1273 2889 1428 2957 fumant!

473 3017 561 3092 Quin
586 3017 691 3085 etiam
716 3017 853 3086 Abrami
877 3021 1078 3104 patrumque
1103 3017 1214 3086 electa
1236 3033 1406 3101 propago,

386 3144 429 3206 00
475 3141 583 3216 Quam
605 3141 654 3208 sic
676 3160 805 3227 aequus
826 3161 932 3224 amas,
958 3161 1059 3228 quam
1082 3141 1235 3229 praefers
1256 3141 1413 3208 omnibus
1435 3156 1556 3209 unam.

476 3268 633 3352 Ereptam
659 3269 695 3334 et
716 3266 823 3334 tantis
847 3267 991 3353 bellique
1015 3267 1258 3351 bominumque
1280 3263 1417 3350 periclis

476 3389 578 3457 Felici
603 3409 664 3476 per
686 3397 839 3460 monstra
861 3392 966 3460 dabas
988 3392 1163 3460 considere
1186 3395 1298 3471 terra,

476 3514 521 3580 Te
544 3531 677 3598 quoque
701 3515 910 3599 posthabito,
935 3514 1112 3584 fallacibus
1134 3515 1239 3600 impia
1261 3511 1351 3580 tollit

476 3639 531 3705 Dis
551 3657 631 3706 aras
653 3643 689 3708 et
712 3639 840 3726 templa
862 3641 1004 3708 infando
1027 3644 1064 3708 et
1085 3639 1255 3726 sanguine
1279 3637 1392 3722 tingit

387 3765 430 3829 95
473 3765 549 3831 Non
572 3765 687 3831 animo
711 3765 847 3851 prodest
870 3766 1000 3834 homini
1025 3771 1061 3833 et
1084 3765 1218 3834 ratione
1241 3761 1342 3849 potiri

475 3889 689 3976 Consilioque
712 3891 783 3970 uti,
814 3890 909 3958 videt
931 3895 968 3960 et
990 3890 1132 3958 meliora
1154 3891 1363 3975 probatque,

475 4015 651 4082 Deteriora
674 4019 790 4082 tamen
814 4017 934 4083 suadet
957 4015 1133 4085 malesana
1155 4014 1284 4100 cupido.

476 4141 718 4225 Omnipotens,
741 4159 888 4226 exurge,
913 4143 1017 4210 Deus:
1051 4159 1114 4210 ceu
1138 4140 1249 4208 fumus
1272 4139 1308 4204 in
1331 4155 1433 4206 auras

477 4265 622 4350 Dispersi
647 4265 782 4352 fugient
805 4267 936 4347 bostes;
961 4266 1159 4348 fortissime,
1183 4267 1285 4333 robur

373 4393 433 4460 100
478 4395 586 4461 Exere
609 4393 696 4474 iam,
721 4393 883 4468 Quisnam
908 4395 945 4460 ut
969 4393 1080 4462 Densi
1102 4397 1138 4461 et
1163 4393 1236 4460 fera
1258 4391 1396 4458 vincula
1410 4391 1517 4458 solve.

479 4517 667 4601 Principio,
690 4493 849 4596 memini,
875 4517 978 4582 caelis
1001 4519 1036 4582 in
1059 4516 1209 4600 imagine
1235 4515 1345 4584 forma
