3564 5376
340 538 384 602 86
671 591 674 600 .
825 549 1063 600 nnurnnmnos

361 681 405 745 70
449 679 653 764 Dependent
673 678 837 747 citharae.
867 677 930 754 Qui
952 695 1015 745 nos
1036 695 1080 745 cx
1103 676 1202 745 litore
1223 679 1395 762 quondam

448 803 670 873 Abstulerant
691 806 821 891 patrio,
856 807 1060 892 quaerentes
1082 804 1236 872 carmina
1259 803 1355 871 nobis
1424 897 1428 906 ῃ

449 931 617 998 Illudunt:
646 932 768 998 Vestro
792 930 833 998 de
857 949 951 998 more
973 931 1058 1000 heus
1080 931 1183 998 dicite
1206 933 1336 998 cantus.

446 1058 618 1136 Quomodo
642 1058 700 1126 sed
724 1058 849 1126 nostris
870 1075 1005 1126 sacrum
1028 1057 1243 1126 cantabimus
1272 1057 1438 1141 hymnum

449 1183 588 1252 Finibus
609 1184 792 1252 exterrent
814 1184 1006 1269 Siquando
1028 1183 1153 1251 oblivio
1175 1185 1309 1251 mentes

119 1307 121 1314 '
223 1399 225 1402 Ι
361 1295 405 1376 '75
451 1309 612 1395 Surrepat
636 1307 865 1394 Solymorum,
890 1311 1024 1377 arescat
1045 1307 1180 1394 lingua,
1208 1326 1396 1394 manusque

452 1434 617 1520 Torpeat:
641 1433 702 1501 ah!
728 1435 766 1500 tu
787 1433 877 1502 solus
898 1451 1012 1514 amor,
1036 1435 1074 1500 tu
1094 1433 1168 1501 sola
1190 1432 1363 1520 voluptas,

449 1559 570 1628 Gentis
591 1559 745 1626 idumeae
770 1559 897 1625 vindex
919 1559 1016 1625 Deus.
1049 1557 1161 1624 Effera
1183 1558 1269 1625 dixit

451 1683 654 1752 -Perdite
677 1686 712 1750 et
734 1681 884 1768 aggestis
906 1682 1077 1768 Solymam
1100 1687 1289 1769 exaequata
1313 1685 1439 1765 ruinis,
1464 1723 1508 1733 -

450 1809 573 1878 Infelix
595 1808 767 1894 Babylone
789 1811 874 1876 sata.
899 1808 963 1876 Ast
986 1807 1043 1876 ille
1066 1809 1137 1894 ipse
1161 1810 1296 1891 beatus,

365 1937 407 2002 80
452 1935 516 2011 Qui
538 1933 629 2002 mala
648 1951 734 2020 quae
757 1933 876 2000 tribuis
898 1933 987 2001 iusta
1009 1933 1069 2000 tibi
1093 1934 1192 2002 lance
1215 1935 1396 2020 rependet,

451 2059 581 2146 Quique
606 2062 680 2126 tuos
702 2059 813 2145 rapiet
834 2061 960 2144 gnatos
981 2077 1129 2145 saxoque
1154 2059 1329 2143 refringet

539 2183 672 2251 Talibus
693 2186 833 2252 orantes
856 2184 1031 2270 praeclara
1053 2201 1073 2252 e
1095 2185 1199 2270 stirpe
1222 2186 1378 2254 sacerdos

453 2308 619 2378 Gamaliel
642 2309 777 2395 sapiens
798 2307 914 2394 legum
935 2311 972 2376 et
992 2308 1186 2394 spectabilis
1207 2327 1294 2378 aero

451 2434 626 2504 Demulcet
647 2433 745 2502 dictis
757 2452 766 2516 ;
789 2450 995 2521 quamquam
1017 2433 1259 2502 moesti-imus
1281 2435 1353 2522 ipsc

363 2562 406 2627 85
451 2562 609 2644 Ingemat
630 2575 672 2625 ac
693 2555 781 2624 tristi
803 2556 894 2624 celet
914 2558 976 2624 sub
1009 2557 1146 2643 pectore
1169 2575 1307 2625 curam:

450 2684 477 2750 Ο
499 2700 610 2768 genus
631 2681 798 2760 electum,
823 2699 843 2748 o
867 2682 961 2748 caelo
983 2681 1176 2766 gratissima
1199 2681 1310 2768 proles

452 2807 567 2891 Magni
591 2809 681 2888 Isac,
705 2822 789 2871 num
809 2823 868 2891 spe
893 2805 1083 2874 cecidistisl
1106 2805 1204 2872 fluxit
1225 2808 1269 2874 ab
1292 2795 1384 2874 omni

451 2931 538 3014 Num
560 2927 627 2995 cito
651 2927 767 2995 mente
789 2928 893 3011 Deus,
917 2927 976 3012 qui
998 2927 1100 2994 terris
1121 2927 1236 2995 omnia
1259 2933 1374 2996 versat

451 3051 635 3133 Providus,
658 3053 695 3119 et
717 3069 878 3137 praesens
899 3070 960 3138 per
983 3054 1136 3120 monstra
1158 3055 1274 3121 tuetur
1296 3054 1439 3122 ludam?

363 3175 407 3250 90
452 3178 630 3246 Discissum
653 3181 839 3245 memorate
863 3176 1005 3260 fretum,
1029 3181 1217 3246 memorate
1241 3183 1428 3264 tyranuum

451 3306 647 3387 absortum,
671 3321 740 3370 una
762 3322 881 3372 omnes
904 3304 1056 3390 pharios,
1079 3322 1264 3393 currusque
1284 3306 1483 3392 equitesque

452 3415 623 3500 Fluctibus
645 3428 767 3497 offusos
788 3432 825 3496 et
848 3430 1106 3516 tempestatibus
1126 3436 1241 3515 actos;

452 3554 579 3640 Assyrii
602 3554 639 3620 et
660 3551 767 3636 regis,
800 3552 914 3636 gladio
936 3553 1093 3622 caelestis
1114 3554 1260 3637 alumni,

452 3678 611 3746 Protinus
632 3675 828 3761 absumptas
850 3677 1002 3742 unasub
1025 3678 1126 3744 nocte
1149 3677 1357 3764 phalanges:

365 3806 408 3872 95
455 3805 547 3872 Neve
571 3804 639 3869 Deo
663 3804 715 3868 est
737 3817 821 3886 opus
842 3799 1050 3885 agminibus,
1081 3801 1136 3868 vel
1161 3802 1288 3870 femina
1310 3805 1417 3872 vincit

453 3926 615 4008 Imbellis,
639 3925 814 4010 fractoque
837 3925 994 3993 Bctbulia
1016 3925 1158 3994 solvitur
1179 3927 1286 3996 hoste.

451 4055 560 4139 Ergo,
585 4049 669 4133 viri,
693 4052 852 4117 revocate
875 4049 1027 4131 animos,
1052 4053 1088 4118 et
1110 4053 1211 4120 rebus
1232 4053 1268 4119 in
1291 4055 1395 4124 arctis

451 4181 597 4246 Durate:
621 4177 706 4244 haec
730 4176 851 4244 merito
873 4176 1022 4262 patimur
1029 4194 1038 4261 ;
1063 4196 1123 4264 pro
1146 4179 1288 4247 crimine
1311 4199 1439 4267 poenas

451 4302 621 4370 Exolvisse
643 4303 747 4371 iuvet.
780 4305 895 4386 Longo
917 4302 987 4369 iam
1018 4305 1169 4389 tempore
1193 4307 1291 4391 uates

346 4431 407 4497 100
451 4428 628 4496 Heleiades
651 4427 748 4495 uobis
774 4427 860 4496 haec
882 4429 1050 4496 eventura
1073 4430 1240 4497 canebat:

454 4555 597 4621 Auribus
619 4557 656 4621 at
677 4553 819 4640 populus
840 4554 949 4622 surdis
971 4555 1164 4624 incredulus
1186 4556 1256 4624 odit
