3564 5376
683 485 795 535 ulnus
818 485 952 536 Pullius

322 612 542 698 Excipietque
566 629 679 694 ursus3
710 611 848 680 brevior
870 610 1008 680 fortuna
1031 613 1203 695 manebit,

324 739 476 824 Namque
499 739 607 824 instat
628 736 770 824 pardus;
793 754 883 806 neve
905 736 985 805 huic
1008 735 1139 806 felicius
1160 758 1272 807 omen.

322 863 452 950 Quippe
475 863 562 930 nibil
584 863 720 929 firmum
742 861 779 930 in
802 862 919 947 terris,
951 862 1016 930 nisi
1039 863 1155 933 vivida
1177 865 1293 934 virtus.

213 987 279 1053 425
324 988 412 1073 Ergo
433 987 567 1056 animos
588 989 765 1070 revocate,
790 987 872 1072 viri,
893 988 998 1056 timor
1020 988 1131 1056 omnis
1151 990 1290 1060 abesto:

323 1115 379 1181 Ius
399 1115 536 1181 servate
557 1112 636 1196 Dei,
660 1129 729 1180 neu
744 1129 804 1180 vos
827 1111 901 1179 lata
922 1128 1043 1198 aspera
1064 1130 1184 1198 regum

321 1238 585 1320 Commoveant;
615 1254 725 1322 genus
747 1237 895 1306 electum
918 1239 1007 1305 Deus
1028 1239 1100 1324 ipse
1122 1240 1248 1308 tuetur.

410 1363 470 1430 His
491 1363 590 1431 dictis
612 1361 710 1430 leniti
733 1378 869 1446 omnes,
903 1379 1074 1449 curaeque
1096 1363 1270 1434 residunt:

322 1487 393 1553 Nec
416 1487 533 1553 umen
555 1483 706 1552 Isacidae
729 1486 864 1552 comant
886 1483 923 1550 in
945 1485 1027 1552 vota
1049 1503 1248 1573 precesque3

212 1610 278 1675 430
321 1607 427 1676 Corde
449 1609 568 1675 manet
589 1605 697 1674 dulcis
718 1605 851 1692 patriae
874 1605 1122 1675 immedicabile
1139 1610 1271 1680 vulnus.

412 1735 513 1801 Parte
535 1732 605 1801 alia
627 1730 717 1800 Medi
739 1734 931 1818 Persaeque
954 1731 1111 1818 ingentia
1133 1736 1257 1804 sistunt

323 1860 488 1946 Agmina,
513 1861 549 1927 et
571 1858 627 1925 hic
648 1857 758 1943 Cyrus
778 1857 908 1939 tendit,
931 1859 1051 1928 Darius
1072 1862 1109 1929 et
1131 1861 1208 1930 illic.

320 1984 459 2052 Summa
480 1985 604 2052 ducum
627 1983 750 2068 Cyrus,
774 1999 923 2069 namque
946 1983 1003 2052 isli
1024 1986 1153 2054 tirmior
1173 1991 1289 2074 aetas,

320 2109 503 2179 Consilium
526 2111 563 2178 61
585 2126 683 2177 mens
704 2110 741 2177 et
761 2108 838 2176 duri
859 2108 1010 2178 sollertia
1031 2112 1158 2182 martis

213 2235 278 2302 435
321 2238 410 2320 Ergo
430 2237 600 2318 oratores,
624 2232 738 2321 populi
761 2233 919 2321 regisque
940 2235 1114 2323 misertus,

322 2357 519 2426 Audiiacem
541 2360 579 2426 61
600 2355 744 2424 Marium
767 2357 919 2442 regalem
941 2359 1048 2427 mittit
1069 2361 1113 2427 ed
1136 2362 1268 2445 urbem,

322 2484 425 2560 Queis
445 2484 537 2551 nitor
551 2481 675 2568 eloquii
697 2486 734 2552 61
756 2484 868 2569 pacati
891 2487 1030 2570 pectore
1051 2503 1178 2556 sensus

322 2609 519 2676 ,adveniunt
537 2607 641 2676 cincti
662 2607 767 2675 ramis
789 2609 896 2676 felicis
917 2609 1047 2679 olivae:

322 2731 482 2800 Chaldaei
505 2730 814 2800 veniam‘exorent
844 2732 1037 2821 violataque
1060 2740 1204 2805 noscant

213 2858 278 2923 440
323 2857 497 2925 Medorum
520 2856 611 2939 ilua,
640 2858 677 2923 61
698 2857 827 2924 terram
848 2876 916 2943 pax
939 2857 1031 2928 laeta
1054 2861 1180 2931 reviset

321 2981 371 3050 Ac
391 2980 548 3066 geminas
569 2981 691 3067 iunget
711 2982 839 3050 sociato
864 2982 999 3052 loedere
1026 2989 1111 3069 gent
1150 3037 1157 3053 .

321 3113 413 3177 llaec
436 3104 472 3174 61
494 3107 593 3193 plura
616 3106 747 3186 lerunt;
769 3109 828 3176 sed
851 3126 950 3176 mens
971 3109 1058 3178 beu!
1089 3112 1193 3181 laeva
1214 3116 1354 3198 tyranni

322 3233 463 3320 Respuit
491 3233 726 3318 obiectamque
750 3234 852 3301 fldem
873 3238 1079 3321 aspernatur
1100 3237 1225 3324 inique.

320 3361 372 3428 Ab
397 3359 516 3427 miser!
541 3360 695 3426 extremo
718 3358 799 3428 licet
820 3359 858 3426 in
880 3360 1091 3445 discrimine,
1126 3365 1267 3435 inanem

58 3517 64 3536 ·
209 3491 274 3556 445
318 3489 418 3574 Spem
442 3487 536 3554 fovet
556 3485 750 3570 agminibus
772 3485 882 3555 fidens
903 3491 939 3555 et
962 3489 1110 3558 turribus
1130 3492 1229 3576 altis,

320 3615 389 3680 Nec
412 3613 494 3679 luxu
516 3612 709 3696 torpentem
739 3613 892 3678 animum
914 3613 1017 3682 timor
1039 3615 1168 3684 excitat
1189 3618 1286 3687 ullus,

404 3739 543 3806 Interea
565 3735 738 3820 Babylone
760 3734 881 3803 aderat
904 3737 962 3805 lux
986 3739 1090 3822 lesta3
1114 3742 1231 3828 pericli

245 3955 247 3963 A
319 3867 538 3932 Immemores
558 3862 688 3929 ducunt
708 3862 851 3930 choreas
866 3865 969 3950 atque
994 3881 1111 3933 annua
1132 3871 1265 3954 ponunt
1391 3848 1397 3856 ¹

315 3987 459 4056 Fercula
480 3986 642 4054 Chaldaei
674 3987 848 4074 multoque
871 3988 1045 4057 madentia
1069 3991 1151 4059 vino

210 4115 275 4181 450
319 4113 467 4196 Corpora
489 4108 671 4195 proliciunt
691 4129 831 4192 somno;
855 4129 933 4198 pars
954 4111 1073 4180 ordine
1095 4111 1229 4197 lychnis

318 4236 516 4322 Compositis
537 4236 656 4303 urbem
678 4235 868 4321 illustrant,
892 4257 970 4324 pars
985 4239 1142 4307 cantibus
1163 4259 1265 4310 auras

319 4361 362 4428 Et
385 4360 473 4428 laeto
495 4363 660 4430 resonant
680 4362 820 4447 plausu:
843 4363 1038 4432 Baltbassar
1060 4367 1096 4431 et
1117 4344 1189 4450 ipse

320 4487 485 4570 Imperat,
508 4485 577 4554 heu
599 4485 719 4554 laevae
742 4490 874 4572 quanta
896 4489 949 4555 est
971 4486 1094 4556 oblivio
1117 4489 1261 4556 mentis!

1302 4652 1316 4700 l
