3472 5360
354 513 414 575 184
855 524 1051 576 rnrnnrnos

371 653 412 719 10
456 651 529 727 Quo
553 653 705 720 monstro
728 651 885 721 miranda
907 651 1007 721 iacit:
1031 667 1112 719 nam
1134 648 1233 736 plura
1254 647 1404 728 iubenti,

455 776 500 842 Ut
523 775 646 844 fallant
668 793 779 860 genus
801 775 938 860 infelix,
961 775 1070 862 stygis
1091 771 1231 858 agmina
1253 773 1386 858 parent

457 899 533 966 Non
557 902 669 968 terrae
692 899 835 967 tinxisse
857 900 947 982 luto,
970 916 1090 967 verum
1112 896 1252 966 aethere
1275 893 1361 963 caeli

455 1023 496 1090 Se
518 1040 663 1108 puerum
684 1023 823 1107 aiebat,
846 1040 947 1110 quem
969 1024 1045 1110 post
1067 1022 1193 1089 virtute
1217 1020 1448 1106 peremptum,

455 1149 542 1216 Nam
565 1147 654 1234 potis
675 1148 763 1234 ipse,
786 1166 865 1230 sua,
889 1149 925 1216 in
949 1147 1105 1218 tabulam
1127 1146 1279 1215 mutarat
1301 1142 1466 1212 eamdem.

370 1275 408 1340 15
453 1274 549 1341 Hanc
571 1275 661 1358 gerit
683 1273 740 1342 ille
763 1291 868 1344 manu
889 1291 1076 1361 regemque
1101 1270 1237 1354 invisit,
1261 1267 1434 1338 staulam

453 1399 537 1464 hum
558 1401 746 1484 peragrant
767 1398 886 1480 simul,
909 1417 955 1467 en
977 1397 1089 1467 subito
1110 1395 1295 1464 simulacra
1318 1391 1447 1461 moveri

458 1521 566 1608 (Haec
589 1522 750 1610 deceptor
771 1522 864 1590 enim
886 1522 960 1590 visu
983 1522 1137 1608 tingebat
1159 1517 1274 1603 inani)

456 1645 610 1732 Vivaque
633 1664 718 1715 saxa
738 1646 812 1714 loco
836 1649 1026 1715 cernuntur
1049 1648 1085 1714 st
1107 1645 1209 1715 obvia
1230 1641 1303 1728 regi

457 1768 626 1837 inclinare
649 1772 770 1856 caput:
795 1770 871 1851 vei,
895 1769 976 1837 dum
998 1768 1191 1857 spatiantur
1212 1767 1249 1835 in
1271 1764 1399 1845 hortis,

370 1895 413 1960 20
458 1893 592 1962 Robora
614 1894 761 1963 convelli
786 1897 962 1980 totumque
985 1895 1181 1962 tremiscere
1205 1891 1343 1960 collem:
1440 1985 1444 1992 Ι

459 2021 556 2086 Nunc
577 2019 683 2086 solem
705 2018 824 2087 ohduei
848 2018 996 2101 nebulis,
1020 2035 1112 2086 nunc
1132 2015 1302 2103 sanguine
1325 2013 1413 2098 tingi

457 2145 499 2210 ht
521 2143 638 2211 lunam
659 2143 806 2230 pellere,
828 2160 950 2212 sereno
971 2146 1008 2212 et
1032 2143 1168 2228 fulgura
1189 2140 1286 2210 caelo

459 2267 608 2335 Accendi
638 2269 832 2353 tonitruque
867 2268 976 2336 solum
1000 2268 1130 2354 mugire
1153 2263 1328 2353 profundo.

362 2361 365 2374 ¹
462 2393 507 2460 nt
528 2393 556 2460 si
580 2392 687 2476 regali
709 2393 753 2462 sit
778 2393 828 2462 tas
850 2394 1052 2462 accumbere
1073 2409 1230 2474 mensae,

373 2517 416 2581 25
460 2515 628 2584 convivas
650 2516 740 2584 Simo
762 2515 849 2585 ludis
873 2520 909 2585 et
930 2517 1081 2602 imagine
1105 2514 1197 2584 laeta

462 2639 609 2726 Decipit:
633 2640 805 2727 extemplo
826 2641 962 2726 zephyri
985 2640 1208 2709 volitantibus
1228 2637 1293 2706 alis

464 2767 639 2852 aspirant,
662 2767 891 2853 iuvenumque
915 2766 1008 2834 leves
1029 2767 1157 2835 circum
1180 2765 1328 2850 undique
1352 2763 1482 2830 formae

461 2890 660 2960 Succinctus
682 2894 851 2978 apparent
872 2891 963 2960 zonis
985 2894 1020 2958 et
1042 2891 1193 2960 vestibus
1213 2889 1316 2971 albis,

462 3014 586 3082 Plenas
607 3013 792 3101 expediunt
815 3019 951 3103 pateras
973 3016 1181 3102 cyathosque
1205 3015 1414 3082 ministrant.

375 3141 419 3206 30
463 3143 537 3224 Ipse
559 3139 669 3224 iubet,
692 3142 805 3208 ventis
826 3142 988 3228 tenuique
1010 3141 1181 3210 simillima
1201 3157 1320 3209 somno

463 3265 580 3332 Omnis
602 3265 673 3333 ahit
695 3267 841 3352 species,
867 3285 929 3336 ceu
952 3269 1119 3336 venusin
1141 3266 1285 3336 aethera
1306 3266 1427 3334 ihmus.

551 3391 635 3456 Dum
657 3393 772 3477 stupet
793 3393 879 3460 haec
901 3393 1045 3475 Caesar,
1068 3393 1162 3478 leges
1183 3394 1360 3478 artemque
1383 3390 1496 3457 doceri

463 3515 625 3600 Exoptat,
656 3533 783 3600 magna
805 3519 842 3584 et
864 3517 992 3586 Simoni
1014 3517 1167 3603 praemia
1188 3516 1341 3602 spondet.

463 3637 669 3723 Conceptum
692 3638 747 3707 hic
769 3637 866 3708 dictis
887 3640 1027 3708 tandem
1049 3641 1156 3709 vomit
1177 3657 1236 3708 ore
1259 3639 1428 3708 furorem:

376 3759 419 3822 35
463 3758 545 3826 Divo
566 3759 675 3840 Nero,
699 3760 727 3826 si
750 3762 784 3829 te
807 3762 959 3847 tangunt
981 3779 1059 3830 mea
1080 3762 1161 3830 vota
1183 3778 1384 3848 precesque,

464 3881 738 3968 Quandoquidem
762 3885 870 3952 honnus
891 3886 927 3952 et
952 3903 1006 3953 me
1030 3885 1157 3953 lumine
1180 3886 1345 3973 conspicis
1365 3902 1496 3970 aequo,

464 4006 637 4092 improbus
658 4006 722 4086 ah!
747 4010 867 4093 pereat
887 4009 1078 4090 Galilaeus,
1102 4011 1159 4096 qui
1183 4009 1274 4078 ferus
1295 4011 1372 4078 astu

464 4132 518 4198 Me
541 4130 700 4199 miserum
723 4131 847 4201 dudum
870 4133 1043 4219 exagitat,
1079 4151 1143 4203 nec
1166 4134 1290 4202 fluibus
1311 4134 1388 4202 uilis

463 4254 587 4322 sistere
619 4273 841 4343 securumque
865 4257 948 4325 sinit
969 4256 1134 4326 deducere
1158 4259 1276 4326 vitam.

378 4379 421 4444 40
465 4378 526 4448 Ille
547 4379 762 4450 Palaestinae
785 4381 894 4468 patrio
917 4381 958 4449 de
988 4381 1088 4450 litore
1111 4383 1255 4469 primum

463 4501 591 4570 cedere
613 4520 668 4574 me
690 4503 783 4589 cogit
812 4507 910 4572 vasto
931 4506 968 4572 et
989 4504 1161 4575 confidere
1182 4510 1296 4594 ponto.
