3564 5376
374 493 414 559 18
838 516 1101 568 uronnnnnmos

367 635 432 701 330
475 636 728 727 conciliumque
751 642 819 710 ciet
840 644 988 729 circum,
1011 647 1048 712 et
1073 643 1155 712 solio
1178 643 1303 712 insidet
1324 643 1404 712 0110.

478 765 637 833 Protinus
659 767 789 854 Aligeri
811 769 979 839 distinctis
1001 772 1152 840 coetibus
1173 769 1307 840 adsunt

334 968 339 988 .
476 889 591 958 Prima
613 895 736 961 tenent
756 893 832 964 loca
853 896 977 964 divinis
999 898 1055 984 qui
1078 899 1216 982 pectore
1238 895 1382 963 flammis

476 1015 651 1084 Exardent
672 1021 857 1106 magnique
879 1022 938 1089 Dei
961 1022 1141 1108 rapiuntur
1163 1039 1297 1089 amore:

476 1140 585 1211 Senae
608 1145 728 1232 cuique
752 1147 846 1229 alae;
869 1148 957 1218 binis
979 1119 1195 1217 tranantibus
1217 1148 1391 1229 aethram,

365 1264 431 1331 335
474 1269 631 1338 Vultibus
653 1275 689 1340 et
710 1272 833 1358 binae,
857 1275 958 1344 binae
982 1276 1018 1342 01
1041 1275 1213 1344 velamina
1235 1273 1362 1360 plantis

475 1394 550 1462 Sole
574 1397 684 1481 magis
706 1399 856 1467 rutilant.
881 1399 1018 1468 Gabriel
1040 1401 1101 1467 hos
1123 1399 1275 1467 cernitur
1297 1399 1389 1465 inter

476 1520 661 1606 virgineae
683 1522 806 1592 sobolis
828 1523 909 1592 felix
932 1525 990 1611 qui
1013 1525 1154 1593 nuntius
1175 1523 1246 1592 ibit

474 1644 632 1712 Cernitur
654 1648 690 1714 et
712 1647 882 1732 Raphael,
906 1647 1005 1736 Tobis
1027 1665 1140 1716 comes
1161 1647 1311 1730 additus,
1334 1648 1409 1714 arto

475 1767 517 1834 111
539 1768 670 1837 medica
693 1768 834 1855 pollens,
857 1789 898 1840 ao
921 1771 977 1857 qui
1001 1772 1062 1839 100
1084 1770 1212 1857 forcipe
1235 1768 1421 1852 flammam,

364 1889 430 1956 310
473 1892 581 1976 10010,
605 1894 753 1980 eripiens
775 1898 900 1983 purgat
921 1895 1123 1964 carbonibus
1146 1913 1215 1962 ora.

473 2015 560 2085 Hinc
583 2021 737 2104 pennata
758 2019 893 2102 cohors,
917 2022 1051 2088 1001010
1075 2020 1128 2088 001
1152 2020 1304 2087 mentem
1325 2017 1544 2102 animumque

473 2141 539 2208 Dat
559 2143 668 2226 Deus,
692 2148 795 2232 atque
817 2163 947 2213 arcana
968 2145 1039 2212 alto
1060 2147 1244 2231 penetrare
1267 2143 1384 2210 volatu

473 2267 636 2351 Consilia,
660 2271 697 2336 et
719 2270 862 2356 Sophiae
884 2288 972 2357 0000
995 2272 1076 2337 sunt
1096 2269 1254 2337 sublimia
1276 2269 1379 2351 seire;

472 2389 535 2457 Hic
558 2390 615 2476 qui
637 2391 835 2461 mortiferae
856 2395 969 2461 000100
992 2391 1058 2460 erit
1079 2393 1210 2460 arboris
1232 2392 1331 2458 horti.

363 2512 429 2578 315
472 2514 531 2582 1101
552 2515 675 2585 chorus
697 2517 888 2603 Alipedum,
912 2519 1040 2606 quibus,
1064 2520 1102 2584 ut
1125 2517 1218 2601 00110,
1242 2517 1367 2586 insidet
1388 2533 1517 2602 aequus

473 2641 687 2728 Altipotens3
710 2648 841 2732 quanta
861 2646 972 2714 securi
994 2663 1077 2732 pace
1101 2643 1275 2712 fruuntur!

472 2767 558 2836 Sunt
580 2771 615 2838 01
638 2771 695 2857 001
715 2775 882 2868 praesunt
903 2774 1020 2854 rebus,
1045 2771 1169 2858 quique
1191 2769 1326 2836 orbibus
1347 2769 1441 2835 astra

471 2891 572 2960 Clara
594 2899 750 2979 movent,
774 2897 877 2964 certis
900 2900 936 2964 et
958 2897 1086 2965 ducunt
1108 2895 1259 2964 cursibus
1280 2909 1405 2972 00000,

472 3015 711 3104 Pollentesque
733 3038 835 3087 ansus
856 3019 949 3088 erebi
972 3019 1127 3104 viresque
1150 3017 1354 3100 refringunt

361 3139 427 3204 350
471 3139 600 3226 Quique
624 3143 760 3226 agitant
780 3146 889 3212 sortes
911 3143 1012 3212 terris
1034 3141 1229 3228 hominique
1253 3140 1469 3220 ministrant,

471 3266 561 3333 Missi
584 3268 690 3336 verba
713 3267 829 3337 ferunt
851 3270 964 3351 10010,
988 3269 1024 3335 01
1046 3267 1131 3335 (1001
1153 3267 1269 3334 omina
1292 3265 1416 3349 regnis

471 3389 659 3459 concilium
680 3393 792 3461 stetit:
816 3392 1041 3478 Omnipotens
1063 3393 1111 3459 sio
1135 3407 1193 3458 ore
1217 3390 1384 3477 profatus:

471 3517 631 3585 aetherei
654 3519 768 3603 cives,
792 3521 888 3588 certa
910 3519 999 3605 quod
1021 3520 1137 3586 mente
1160 3518 1325 3584 statutum
1347 3519 1400 3582 001

468 3645 607 3728 Audite,
631 3649 668 3714 et
689 3646 813 3715 dociles
835 3646 960 3716 animis
981 3665 1061 3716 mea
1083 3645 1217 3715 condite
1240 3643 1341 3712 dieta

358 3768 424 3834 355
468 3767 646 3838 Caelorum
669 3789 849 3859 rerumque
872 3790 980 3842 noves
1001 3775 1071 3842 stat
1093 3771 1240 3841 condere
1264 3770 1406 3850 formas,

469 3898 580 3983 Atque
602 3915 728 3966 novam
751 3900 852 3968 terris
873 3901 1066 3970 animantia
1087 3901 1205 3967 vivere
1228 3898 1337 3966 vitam

468 4021 606 4106 Libera,
631 4041 718 4110 qnae
741 4028 874 4093 nostros
894 4025 1049 4094 referant
1070 4025 1106 4092 in
1129 4023 1281 4109 imagine
1303 4020 1434 4089 vultus:

468 4147 534 4214 Sed
556 4149 674 4218 tamen
697 4149 788 4217 haud
811 4149 941 4220 homini
963 4149 1041 4218 divo
1064 4149 1105 4216 de
1128 4149 1259 4218 semine
1282 4149 1402 4216 natum

468 4270 625 4338 Proderit
646 4289 720 4339 esse
742 4272 858 4341 animo
881 4271 1044 4358 donisque
1067 4271 1256 4356 insignibus
1277 4271 1434 4349 auctum3

357 4394 424 4460 360
466 4396 552 4462 Nam
576 4397 669 4478 ruet,
693 4414 734 4462 ac
757 4398 868 4464 tetum
891 4396 997 4464 tristis
1018 4396 1181 4479 contagia
1203 4394 1323 4479 culpae

468 4521 626 4588 lnilcient
646 4538 757 4604 genus
779 4519 1024 4606 impellentque
1048 4519 1246 4588 occumbere
1270 4517 1349 4586 leto.
