3560 5368
316 507 382 574 260
788 517 1062 572 ruarsnuranos

417 647 547 716 Felices
568 664 727 732 campos,
750 645 861 712 clarus
884 643 1078 712 victricibus
1100 644 1213 712 armis

417 771 592 840 Excidium
614 770 790 838 sedenim
812 770 989 850 metuens,
1020 767 1157 855 quando
1186 768 1344 836 imminet
1367 769 1457 836 ensis

417 896 633 980 Fulmineus‚
656 896 725 962 iam
747 894 884 980 iamque
906 892 975 960 ruit
997 895 1195 962 subuertere
1216 905 1379 980 gentem,

419 1023 574 1107 Longum
601 1021 668 1089 iter
696 1036 874 1106 emensum
895 1017 1060 1086 simulans
1081 1017 1248 1105 durosque
1282 1018 1434 1101 labores,

308 1149 374 1218 330
418 1146 577 1214 Vestibus
598 1145 746 1227 attritis,
768 1161 968 1230 conspersus
990 1144 1129 1230 pulvere
1152 1145 1326 1229 membra,

418 1271 543 1339 Obvius
565 1269 702 1340 Isacidis
723 1287 844 1356 pacem
867 1269 1052 1338 victoribus
1073 1273 1159 1338 orat

417 1397 497 1464 Mox
519 1413 601 1463 vero
623 1398 766 1482 patuere
787 1393 856 1461 doli
883 1393 1131 1480 manifestaque
1154 1395 1247 1463 fratrs
1267 1398 1345 1463 est:

419 1519 625 1605 Mancipium
647 1518 788 1588 Gabaon
811 1521 872 1586 ant
892 1517 987 1586 siluis
1008 1520 1153 1588 caedere
1176 1519 1272 1604 ligna

419 1644 488 1710 Aut
507 1641 618 1710 undas
640 1640 797 1724 haurire,
820 1658 944 1726 graves
964 1645 1002 1710 et
1022 1641 1116 1711 obire
1138 1641 1281 1710 labores

309 1769 375 1836 335
419 1767 593 1852 Augustas
615 1785 699 1852 ergo
719 1765 763 1833 ad
786 1766 904 1849 sedes,
929 1768 968 1834 ut
988 1767 1080 1836 iussa
1103 1765 1249 1836 lacessat

419 1892 573 1962 Tartarei
595 1893 707 1979 regis,
735 1891 833 1962 valer
855 1891 912 1959 ille
935 1890 1141 1978 propinquat
1163 1892 1348 1976 Abaddon;

271 2103 273 2106 Ι
395 2015 617 2104 'Anguinees
637 2017 712 2084 sine
734 2017 812 2103 lege
835 2035 950 2084 comas
972 2018 1009 2083 et
1030 2035 1161 2085 cornua
1185 2017 1326 2100 frontis,

420 2144 464 2209 Os
485 2142 636 2209 immane
658 2139 838 2227 oculosque
861 2144 899 2208 et
919 2139 1062 2208 caudam
1091 2141 1238 2227 turpiter
1259 2144 1370 2209 atram

422 2267 574 2348 Occnlit,
597 2267 634 2333 et
656 2265 743 2333 facio
765 2265 907 2332 Gabaon
929 2267 1112 2350 penetrare
1135 2283 1285 2334 recessus
1296 2297 1307 2348 ‚·

313 2394 379 2460 340
424 2393 607 2478 Explorare
629 2409 749 2461 omnes
771 2390 864 2470 vien,
889 2393 993 2476 atque
1015 2393 1133 2460 audita
1156 2393 1292 2460 referre.

423 2516 582 2582 Miscetur
605 2516 725 2584 turbae
748 2513 928 2582 famulanti
950 2532 969 2582 6
993 2513 1142 2584 lontibus
1163 2516 1306 2600 undam,

423 2640 513 2708 111111
534 2639 626 2708 haud
648 2639 783 2726 segnis,
807 2639 929 2708 11661616
951 2642 1012 2708 aut
1033 2657 1140 2724 graue
1163 2640 1265 2726 lignis

424 2768 570 2850 Tergum
593 2769 731 2847 onerat,
754 2765 982 2853 strepitusque
1005 2766 1148 2835 attentis
1169 2767 1307 2834 auribus
1328 2766 1459 2834 haurit:

424 2891 487 2960 Sed
510 2892 626 2958 nullae
656 2891 783 2976 templo
805 2891 947 2959 insidiae
976 2891 1159 2978 nullaeque
1181 2892 1350 2975 latebrae;
1497 2975 1501 2984 ¹

314 3022 380 3086 345
425 3021 509 3085 Nam
532 3021 644 3086 custos
667 3020 755 3086 lleus
776 3019 868 3104 lpse,
895 3021 932 3088 61
954 3019 1040 3088 caeli
1062 3019 1233 3088 exercitus
1255 3019 1355 3087 astris

426 3145 594 3212 Demissus
615 3145 732 3212 sedem
754 3143 934 3230 implerat,
960 3145 1041 3212 dum
1064 3147 1145 3212 vota
1167 3147 1310 3214 voveret

426 3271 524 3338 Alma
546 3271 624 3339 Deo.
649 3269 793 3338 Michael
818 3269 915 3356 (spes
948 3270 1117 3338 custodita
1147 3270 1287 3358 16161111)

425 3395 597 3464 Audacem
620 3396 810 3482 insequitur
831 3396 967 3480 gladi03
999 3395 1088 3482 lbgit
1109 3396 1166 3465 ille
1189 3402 1332 3492 repente
1455 3395 1461 3410 ’

425 3523 467 3589 lit
489 3521 597 3590 vomit
618 3521 796 3606 ingentem
819 3519 968 3589 llumum:
994 3523 1067 3589 tum
1090 3539 1219 3590 cornua
1241 3522 1383 3605 frontis,

315 3651 381 3716 350
426 3648 563 3734 Viperei
587 3647 719 3729 crines,
742 3647 909 3732 spirantia
930 3647 1062 3715 lumina
1083 3646 1228 3716 flammis

426 3776 621 3861 Apparent,
644 3773 823 3859 stygioque
846 3772 939 3841 locus
961 3773 1117 3841 tristatur
1138 3773 1250 3842 odore.

512 3899 598 3968 Ecce
621 3901 758 3982 autem,
782 3897 889 3966 multo
910 3900 1011 3966 coetu
1033 3899 1219 3968 comitante
1243 3917 1417 3982 sororum,

429 4027 579 4110 Virginis
600 4026 644 4094 ad
666 4025 787 4094 cellam
810 4027 970 4111 properat
991 4022 1141 4092 studiosa
1170 4027 1310 4107 Noemi‚

426 4154 643 4239 seuereque,
667 4152 802 4220 ardenti
825 4169 912 4237 qnae
934 4155 1073 4236 pectore
1097 4150 1204 4220 lertur
1226 4152 1261 4220 in
1285 4152 1418 4221 Almam

315 4281 381 4345 355
425 4281 467 4346 nt
488 4295 575 4362 quae
599 4277 710 4363 pingit
732 4294 796 4344 acu
819 4277 923 4360 tyrio,
947 4275 1128 4344 bethlemis
1150 4278 1186 4343 et
1208 4277 1352 4360 Esther,

427 4403 565 4470 Auratis
588 4403 744 4470 Susanna
766 4402 891 4486 comis,
914 4401 1051 4488 Abigail
1073 4403 1110 4470 et
1132 4401 1257 4485 Anna,

428 4526 606 4596 Nazarides
628 4529 771 4612 ambae,
795 4527 918 4594 bliobol
941 4547 960 4594 6
984 4529 1107 4596 linibus
1128 4528 1286 4601 Hebron.
