3560 5368
503 544 588 596 ires
610 541 731 596 caveis
746 543 768 592 1.
784 543 813 594 o.
830 543 861 594 u.
878 543 913 594 u.
937 562 955 578 -
975 543 1111 595 munera
1127 544 1140 594 1
1360 529 1426 596 313

236 672 281 738 25
325 671 388 739 Sed
411 670 490 758 quid
514 671 632 737 tantus
653 667 762 736 honor
784 667 906 736 iurati
927 669 1112 755 irrequieta
1134 670 1282 739 tumultu

414 795 546 862 Mordet
574 811 657 860 cura
679 794 777 878 gravi
806 791 1054 878 discruciatque
1077 795 1239 861 animum.

326 919 423 987 Haud
444 935 541 986 secus
562 916 689 1002 insigni
710 918 884 1002 spectetur
910 918 1023 986 fronte
1045 919 1257 1005 sepulcrum,

414 1043 599 1112 Litterulae
622 1045 786 1124 auratae,
811 1061 981 1110 marmora
1004 1043 1093 1110 lecta
1116 1045 1250 1112 nitent:

328 1169 380 1235 Nil
405 1168 513 1250 intus,
538 1167 611 1234 visu
635 1165 861 1233 horrendum!
895 1167 959 1232 nisi
983 1169 1081 1251 turpe
1106 1168 1253 1235 cadaver

238 1297 282 1360 30
413 1292 550 1372 Foetet‚
583 1294 618 1358 et
640 1291 796 1358 obscenis
819 1291 988 1359 vermibus
1010 1310 1085 1359 ossa
1107 1297 1257 1378 putrent.

327 1417 474 1501 AngItur
495 1415 646 1482 incertus
668 1412 791 1498 iudex,
815 1415 871 1500 qui
895 1414 991 1482 novit
1014 1415 1147 1502 iniquos

414 1539 557 1628 Obliqua
585 1557 742 1626 proceres
764 1540 914 1625 rumpier
936 1539 1075 1608 invidia.

327 1669 501 1736 insontem
523 1665 698 1750 agnoscit,
722 1667 919 1751 pestemque
941 1667 1100 1734 avertere
1123 1665 1247 1733 vellet:

414 1791 514 1860 Plebs
537 1795 656 1859 tamen
678 1789 888 1875 inclamans,
914 1791 952 1856 ut
974 1792 1076 1858 cadat
1097 1790 1176 1874 ille,
1200 1791 1307 1878 petit;

238 1918 283 1983 35
327 1915 455 1999 Mugit,
481 1915 520 1981 ut
541 1910 725 1996 impatiens
746 1929 871 1997 quum,
898 1911 1186 1982 debacchantibus
1207 1914 1298 1981 euris

413 2037 594 2120 Adversis,
617 2035 771 2121 scopulos
794 2039 953 2105 verberat
976 2037 1027 2105 ira
1051 2037 1139 2104 freti.

325 2167 414 2244 Quin
437 2169 474 2233 et
496 2164 569 2230 visa
591 2162 668 2230 imis
689 2179 869 2248 erumpere
892 2166 1045 2230 monstra
1066 2162 1239 2248 tenebris,

412 2291 454 2358 ut
477 2289 599 2376 populo
621 2287 784 2355 ardentes
805 2288 1021 2373 suppeditare
1042 2288 1141 2356 iaces

328 2419 421 2485 Haec
442 2417 554 2498 inter,
578 2412 743 2500 premitur
764 2429 883 2481 somno
906 2411 985 2478 dum
1008 2411 1171 2497 praesidis
1193 2429 1279 2479 uxor

241 2544 284 2607 40
415 2543 575 2610 Terretur
596 2529 646 2605 t1l;
675 2536 826 2605 Christus
847 2537 940 2604 visus
961 2537 1078 2604 adesse
1102 2535 1165 2603 sibi
1177 2553 1186 2618 3

330 2670 557 2755 agnoscitque
581 2669 707 2748 Deum,
738 2663 893 2732 obiicitur
916 2679 1065 2747 namque
1088 2661 1204 2746 Aliger
1226 2662 1275 2729 illi
1288 2676 1297 2744 ;

415 2795 475 2862 Est
496 2795 553 2880 qui
577 2790 776 2861 Parthenidi
799 2789 919 2856 missus
939 2787 984 2855 ab
1004 2805 1068 2854 axe
1092 2805 1186 2872 puer.

327 2922 529 3006 virgineum
551 2939 629 2988 cum
652 2919 761 2986 Matre
784 2916 886 2983 decus
908 2913 1127 2996 coniungitur
1150 2931 1238 2980 una:

416 3050 539 3116 Mirum
562 3046 665 3133 opus!
689 3041 843 3112 aetherei
865 3040 954 3126 quod
975 3041 1137 3125 stupuere
1159 3039 1263 3107 chori.

241 3177 285 3241 45
329 3175 370 3242 Et
393 3174 488 3242 videt
508 3173 648 3259 ignotae
670 3187 785 3238 rerum
808 3165 972 3233 miracula
995 3164 1109 3248 vitae,

372 3369 377 3380 ,
417 3299 558 3374 Quando
581 3294 699 3362 humili
722 3291 855 3360 iuvenis
877 3290 1032 3376 iungitur
1054 3291 1130 3358 arte
1153 3289 1248 3357 labri.

331 3424 376 3491 At
397 3442 476 3491 mox
499 3420 660 3507 prodigiis
680 3419 738 3486 dia
759 3420 862 3503 atque
885 3432 1014 3482 arcana
1034 3414 1231 3499 loquentem

417 3549 575 3629 Miratur,
599 3547 703 3614 Iudae
726 3543 806 3610 hinc
828 3541 934 3608 livida
955 3542 1055 3608 turba
1078 3539 1168 3607 furit

331 3677 422 3742 Haec
447 3675 628 3759 parentet
651 3670 769 3756 plura:
793 3667 851 3734 ills
873 3665 927 3733 his
948 3665 1113 3734 exterrita
1136 3665 1215 3734 visis

243 3801 286 3864 50
418 3798 605 3877 Admonet,
629 3797 666 3861 ut
689 3811 726 3861 se
748 3793 801 3859 vir
823 3792 997 3878 coeptibus
1018 3790 1190 3858 abstineat

331 3919 514 4000 Tristibus,
538 3920 685 3986 innocuo
709 3916 838 3985 foedari
861 3919 897 3983 et
918 3917 1087 4000 sanguine
1114 3917 1253 4001 parcat:

418 4044 519 4113 Certa
541 4045 640 4126 fides,
663 4043 833 4112 Christum
855 4060 875 4109 e
898 4043 1029 4110 semine
1051 4041 1264 4110 Caelicolum.

329 4174 421 4240 Haec
444 4171 569 4254 habet,
593 4173 628 4240 st
650 4188 811 4256 superum
833 4169 1007 4238 Romanus
1030 4167 1167 4236 territus
1189 4169 1240 4235 ira
1268 4172 1272 4191 ¹

417 4297 592 4364 immerito
614 4297 681 4364 iam
704 4297 773 4362 iam
794 4293 927 4362 solvere
951 4294 1064 4362 vincla
1086 4293 1186 4361 iubet.

243 4427 288 4493 55
331 4426 378 4492 nt
399 4424 508 4510 plebis
529 4423 641 4509 gliscit
665 4423 757 4490 furor
784 4411 895 4508 ¹atque
918 4421 961 4489 ad
982 4422 1095 4489 sidera
1115 4421 1243 4489 clamor

421 4551 577 4630 Tollitur3
608 4551 770 4636 impastus
791 4551 839 4617 sic
862 4549 978 4616 fremit
999 4565 1057 4616 cre
1080 4548 1143 4616 lec.
