3564 5376
323 499 344 562 8
394 493 397 500 “
797 517 1057 568 urcunnnumos

344 640 384 704 10
427 639 557 725 Quique
581 641 656 706 tuos
678 642 779 710 terris
801 643 949 710 invictus
970 643 1014 709 ab
1037 641 1134 710 hoste
1150 640 1264 721 ¹tueris

426 763 648 848 Christiadas,
672 785 858 854 manesque
881 767 954 853 pios
977 766 1147 855 (vestigia
1168 765 1289 851 culpae

427 890 619 974 Purgantes
642 889 787 978 veteris)
811 891 1025 960 flammarum
1048 911 1068 960 e
1091 910 1227 960 carcere
1250 906 1382 968 servas3

427 1014 550 1099 Accipe
573 1013 713 1098 devoto,
738 1015 898 1099 Michael,
922 1017 1010 1103 quod
1033 1019 1171 1102 pectore
1195 1033 1333 1084 carmen

427 1139 633 1244 Promimus,
659 1141 790 1226 antiqui
813 1142 973 1209 meritum
997 1142 1057 1210 tibi
1081 1142 1204 1228 pignus
1226 1139 1368 1218 amoris;

344 1264 384 1328 15
427 1265 514 1332 Dum
536 1267 596 1333 tua
619 1267 718 1350 gesta
740 1283 881 1350 canam,
904 1269 942 1334 tu
965 1267 1090 1334 nostris
1111 1283 1228 1334 annue
1251 1265 1387 1350 coeptis,

429 1392 553 1476 Magne
577 1394 697 1474 Pater,
722 1410 853 1460 morum
877 1393 1011 1475 Custos,
1036 1393 1182 1480 fideique
1206 1391 1386 1476 Magister,

427 1517 590 1601 Exiguas,
613 1517 641 1585 si
671 1517 759 1586 torte
781 1519 901 1600 vacat,
925 1518 1033 1587 bonus
1055 1518 1174 1603 excipe
1198 1535 1327 1598 musas,

425 1641 497 1709 Nec
519 1643 618 1710 Ducis
639 1641 816 1730 Aligerum
839 1643 958 1730 pigeat
978 1643 1174 1712 meminisse
1198 1643 1396 1728 triumphos.

426 1767 514 1834 Nam
537 1768 619 1854 vigil
641 1768 804 1836 aetheriis
825 1768 917 1836 idem
940 1771 974 1836 te
997 1769 1148 1855 protegit
1171 1769 1290 1850 armis,

337 1892 381 1958 20
425 1895 510 1961 Dum
533 1894 607 1962 sera
629 1897 800 1963 tartareus
823 1895 961 1963 molitur
982 1895 1112 1981 praelia
1135 1912 1293 1980 serpens:

425 2019 468 2086 Et
491 2019 624 2103 vinces;
649 2039 694 2088 en
715 2023 837 2089 sancta
859 2021 958 2088 noris
980 2020 1141 2090 decorata
1164 2021 1311 2106 tropaeis

423 2140 548 2211 Christi
570 2143 716 2229 Sponsa,
740 2146 793 2211 Pii
815 2113 1042 2231 pulcherrima
1065 2143 1206 2211 nomine
1229 2143 1346 2226 fulget.

511 2267 631 2336 Italiae
655 2269 799 2355 pingues
820 2289 888 2356 qua
911 2287 998 2356 gens
1019 2269 1100 2338 colit
1120 2268 1247 2354 appula
1269 2285 1423 2352 campoS,

424 2393 621 2470 Quercubus
642 2395 781 2464 annosis
803 2413 908 2464 mons.
924 2396 1031 2465 densa
1051 2395 1231 2463 cacumina
1254 2392 1350 2462 caelo

334 2519 378 2584 23
423 2518 522 2588 Tollit
544 2522 580 2588 et
601 2520 756 2588 adriacas
777 2521 929 2590 sublimis
951 2520 1112 2606 prospicit
1134 2520 1260 2601 undas,

422 2647 462 2711 In
486 2663 580 2714 mare
603 2664 824 2731 procurrens;
846 2649 1043 2731 Garganum
1068 2645 1207 2713 nomine
1230 2645 1355 2711 dicuin,

422 2771 493 2837 Has
513 2788 575 2838 rex
597 2770 755 2838 Aetolum
779 2771 956 2839 Diomedes
978 2772 1097 2837 vectus
1118 2769 1162 2836 ad
1184 2787 1279 2851 oras,

344 2893 349 2904 ”
422 2896 504 2962 Post
526 2896 661 2963 Troiam
684 2881 857 2974 eversam,
882 2896 975 2964 tama
989 2897 1057 2977 est,
1081 2895 1157 2979 post
1171 2893 1329 2961 Dardana
1344 2895 1445 2977 capta

420 3019 599 3104 Constitit,
621 3022 726 3106 atque
749 3020 820 3106 iugi
843 3019 1010 3088 radicibus
1032 3019 1157 3087 extulit
1178 3021 1296 3086 urbem
1371 3103 1373 3106 Ι

333 3147 376 3211 30
419 3145 612 3230 Sipontum,
636 3149 673 3213 et
696 3145 804 3214 Dauni
827 3146 973 3231 primum
998 3146 1140 3212 tenuere
1164 3142 1286 3212 coloni.

419 3272 520 3340 Dives
542 3289 644 3357 opum
666 3271 780 3357 regio,
803 3270 860 3338 hic
881 3270 1033 3356 gravidis
1056 3270 1153 3337 venit
1174 3287 1242 3337 uva
1263 3270 1424 3352 racemis,

418 3397 553 3483 Sponte,
568 3416 631 3466 sua
652 3397 754 3466 tellus
776 3395 925 3465 medicas
948 3397 1002 3463 hic
1027 3394 1148 3463 fertilis
1169 3395 1293 3463 herbas

418 3522 561 3607 Fundit,
584 3522 733 3590 odoratis
755 3521 879 3591 dorent
901 3520 1055 3607 pomaria
1076 3519 1193 3602 malis;

420 3648 563 3717 Roscida
584 3648 687 3716 mella
709 3647 820 3715 fluunt
842 3650 878 3716 et
901 3647 1007 3715 dulcis
1028 3648 1127 3733 copia
1150 3645 1256 3714 lactis

330 3776 373 3840 35
417 3775 504 3842 Nam
527 3771 652 3841 virides
672 3773 766 3841 inter
786 3772 893 3841 saltus
915 3772 1096 3858 oviumque
1121 3772 1289 3857 boumque

418 3899 509 3966 Mille
532 3915 657 3984 greges
678 3899 735 3965 vel
755 3899 855 3984 septa
875 3900 997 3966 tenent
1025 3897 1080 3964 vel
1104 3899 1204 3982 prata
1227 3899 1416 3982 pererrant.

503 4025 576 4091 Iam
600 4023 762 4092 brumalis
783 4023 893 4090 hiems
914 4023 1053 4105 aberat,
1078 4021 1146 4089 iam
1168 4021 1262 4089 laeta
1284 4021 1441 4089 nitebant

417 4148 548 4214 Pascua
570 4165 652 4215 vere
675 4165 782 4228 novo,
806 4146 1014 4232 stabulisque
1036 4147 1196 4213 armenta
1219 4144 1346 4213 relictis

417 4271 539 4339 Libera
561 4272 630 4338 iam
652 4270 746 4339 molli
767 4271 964 4357 gaudebant
986 4271 1142 4357 gramine
1166 4270 1290 4338 silvae:

330 4398 372 4464 40
418 4397 526 4473 Quum
551 4396 638 4465 forte
661 4397 862 4476 indomitus,
888 4396 983 4465 lento
1006 4396 1164 4478 custode,
1188 4396 1351 4463 iuvencus

416 4525 485 4588 ‚dut
507 4539 624 4606 pugna
646 4521 757 4588 victus
779 4521 878 4589 rivali
902 4523 961 4589 aut
984 4522 1116 4588 excitus
1136 4521 1188 4587 ira
