3560 5368
672 559 782 610 prena
805 559 955 611 nunnius
1352 550 1417 614 223

319 690 455 772 Tutari,
479 693 515 756 et
537 691 673 756 sanctos
694 690 917 771 peragrantes
940 689 1079 757 numine
1102 693 1262 772 servant,

318 812 369 880 Ne
392 814 516 879 noceat
543 810 672 896 glacies
704 807 892 877 flammisve
916 809 1106 878 furentibus
1123 814 1260 897 aestus,

319 935 489 1002 Fluctibus
510 938 571 1002 aut
593 951 721 1020 aequor
742 932 879 1000 tumidis
900 935 962 1001 aut
983 932 1124 1002 callidus
1145 935 1278 1021 anguis.

208 1061 272 1126 490
319 1058 487 1126 Maximus
509 1059 643 1126 interea
665 1055 762 1125 sedet
784 1056 856 1124 alta
876 1058 956 1125 sede
980 1058 1163 1141 SacerdoS,
1282 1131 1285 1138 ,

320 1186 361 1252 El
384 1185 525 1272 triplicis
545 1184 649 1270 capiti
674 1183 809 1269 lblgent
830 1182 980 1269 insignia
1004 1185 1123 1270 regni,

319 1309 501 1377 Pontifices
522 1309 609 1376 albis
630 1308 854 1375 circumstant
876 1307 968 1376 mille
992 1309 1096 1377 tiaris.

320 1436 432 1519 Teque
455 1436 581 1502 vocant
604 1431 724 1518 proni,
747 1430 833 1500 caeli
856 1450 877 1498 o
900 1433 1058 1517 spirabile
1082 1435 1239 1515 Numen,

319 1561 363 1627 Ut
384 1559 514 1646 coeptis
535 1577 698 1645 praesens
718 1557 874 1644 votisque
897 1557 1051 1628 fidelibus
1073 1561 1183 1642 adsis,

208 1687 274 1752 495
320 1687 365 1753 Ut
387 1685 503 1753 foveas
524 1685 580 1771 pie
602 1683 725 1768 corda,
749 1684 813 1770 piis
835 1685 874 1752 ut
896 1686 1068 1754 mentibus
1090 1687 1180 1774 ignis

320 1811 523 1897 Splendeat,
546 1813 582 1878 et
604 1810 676 1878 veri
700 1810 736 1877 et
759 1810 844 1877 recti
866 1811 957 1878 bona
978 1814 1084 1880 verba
1107 1812 1271 1880 serantur.

319 1939 403 2004 Tum
425 1935 610 2004 caelestem
632 1933 707 2002 illos
729 1933 822 2002 inter
842 1934 988 2004 volitare
1011 1936 1213 2005 columbam·

322 2060 475 2147 Aspicio,
498 2061 636 2128 sanctas
658 2077 745 2144 quae
767 2059 837 2128 iam
859 2059 1013 2128 Iordanis
1035 2060 1079 2129 ad
1101 2060 1210 2128 undas

319 2185 401 2254 Visa
423 2186 496 2266 est,
530 2187 568 2253 et
588 2183 710 2252 Christi
734 2202 836 2270 supra
859 2184 962 2270 caput
984 2185 1093 2252 astitit
1115 2183 1207 2264 alto,

209 2313 275 2376 500
320 2311 429 2386 Quum
451 2307 546 2376 velut
567 2307 703 2394 ingenti
725 2307 856 2375 tonitru
879 2326 945 2375 vox
969 2307 1101 2376 reddita
1124 2308 1220 2376 caelo
1243 2311 1318 2375 est:

320 2433 425 2501 Filius
446 2433 502 2501 hic
524 2413 607 2500 mihi
631 2431 810 2514 delicium,
834 2432 917 2500 mihi
939 2432 1012 2500 sola
1033 2433 1202 2518 voluptas.

321 2561 414 2626 Tunc
437 2558 618 2645 improviso
642 2558 847 2640 vehemens,
869 2558 1030 2644 spirantis
1054 2562 1093 2627 ut
1115 2577 1241 2642 aurae,

322 2683 466 2751 Auditur
488 2683 663 2767 fremitus,
687 2682 782 2753 caelo
805 2682 975 2752 delabitur
996 2684 1085 2768 ignis

322 2808 580 2895 verticibusque
602 2809 700 2877 sedet
732 2809 891 2892 summis,
915 2812 951 2877 et
973 2809 1116 2879 Flamen
1138 2809 1264 2878 amoris

213 2936 278 3000 505
322 2934 534 3015 Aeternum,
558 2935 665 3016 Deus,
690 2952 769 3003 ecce
793 2937 900 3004 Deus:
924 2934 1041 3004 divina
1063 2936 1247 3022 loquuntur

323 3063 498 3143 Pastores,
521 3077 649 3146 pronus
670 3060 823 3148 quisquis
845 3061 1009 3130 mandata
1031 3063 1197 3146 capessat.

322 3184 430 3270 Impia
451 3202 539 3271 quae
562 3183 686 3254 Christi
707 3185 830 3254 scindit
852 3183 1019 3254 discordia
1043 3187 1173 3253 vestem

322 3311 365 3376 lit
387 3310 480 3378 suror
502 3311 540 3378 et
562 3310 668 3378 tristis
690 3310 807 3378 formis
828 3309 1003 3379 fallacibus
1026 3327 1122 3378 error

321 3435 458 3504 Cemere
481 3437 518 3503 et
538 3435 646 3519 livor,
669 3434 794 3520 duplici
816 3437 851 3502 et
874 3434 1054 3504 mendacia
1076 3435 1188 3504 fronte
1200 3453 1210 3516 3

214 3563 279 3626 510
325 3561 368 3628 lit
390 3561 486 3628 venit
506 3578 526 3628 e
548 3560 679 3647 superis
700 3579 767 3646 pax
789 3561 882 3628 alma
905 3563 1008 3645 atque
1031 3559 1145 3628 oscula
1168 3560 1280 3646 iungit

323 3686 498 3768 Iustitiae,
520 3686 620 3755 terris
643 3685 733 3755 lelici
751 3665 891 3754 ‘saecula
913 3705 1014 3756 cursu

324 3812 515 3899 Incipiunt,
540 3811 639 3880 unius
659 3813 753 3880 enim
776 3813 815 3880 tlt
838 3815 957 3881 Pastor
978 3813 1085 3882 ovilis.

412 3939 478 4005 Vix
500 3955 543 4006 ea
566 3938 656 4008 letus
677 3940 773 4007 erat:
797 3938 934 4008 lictores
957 3939 1025 4008 ima
1046 3941 1233 4025 penetrant

324 4063 498 4132 Mamertis
520 4063 676 4149 spelaea,
700 4065 828 4133 umbris
848 4082 973 4132 aurora
995 4064 1122 4151 iugatis

213 4189 278 4254 515
323 4189 395 4256 lam
417 4205 514 4256 roseo
536 4205 685 4256 summos
704 4187 888 4274 spargebat
909 4188 1039 4258 lumine
1062 4191 1204 4258 montes

325 4315 453 4382 Heroes
473 4314 604 4400 gemini
625 4313 725 4381 simul
747 4315 790 4381 ad
813 4314 948 4383 crudele
971 4314 1156 4382 trahuntur

325 4440 551 4527 Supplicium
573 4458 655 4508 nem
676 4459 781 4510 saeva
803 4443 964 4528 premunt
985 4441 1149 4509 mandata
1172 4442 1322 4526 tyranni.

324 4565 456 4635 Salviae
479 4566 535 4635 ubi
559 4571 640 4636 noto
662 4568 848 4636 decurrunt
869 4567 1007 4641 nomine
1034 4567 1195 4654 lymphae
