3560 5368
684 511 796 563 tinuit
817 511 951 562 PRIMVS

214 641 275 708 165
320 641 487 706 Externos
510 638 664 706 referens
686 653 799 704 mores
820 636 971 723 ritusque
1000 639 1180 723 61616666,

320 761 406 828 Olim
431 761 593 846 surgebat
615 758 743 826 circum
765 757 968 826 nutantibus
998 758 1132 828 umbris.

322 883 387 952 Sed
409 901 501 952 nunc
524 883 623 969 prata
646 881 760 950 nitent
783 880 956 967 breviora,
985 885 1040 952 ubi
1063 883 1153 952 lecta
1175 884 1336 952 iuventus

320 1006 566 1076 Parthenidum
588 1024 624 1074 66
648 1006 738 1072 16116
761 1005 864 1088 66161,
895 1007 1062 1094 missoque
1084 1007 1222 1092 labore,

322 1132 513 1202 Perfruitur
534 1130 629 1198 caelo
652 1129 791 1198 meliore
814 1131 850 1198 et
872 1131 1029 1200 mollibus
1051 1133 1152 1200 auris.

213 1263 276 1328 170
322 1260 407 1326 Ecce
429 1261 546 1325 autem
569 1257 779 1322 monstrum:
803 1257 1025 1340 quantumvis
1048 1275 1164 1326 mense
1188 1260 1364 1326 novembri

321 1387 430 1452 Instet
451 1381 580 1464 biems,
609 1379 763 1466 foliisque
787 1379 988 1449 cadentibus
1010 1383 1148 1452 horreat
1170 1384 1271 1452 arboe

323 1508 456 1576 Reddat
478 1509 514 1574 et
536 1504 677 1574 exuvias
699 1509 833 1587 tarrae;
862 1505 1017 1575 mirabile
1041 1508 1134 1575 visu!

323 1634 498 1718 ,lpparent
519 1629 629 1696 subito
653 1627 762 1710 fetus,
791 1629 887 1714 quasi
910 1629 1023 1698 rorida
1046 1630 1146 1700 tellus

324 1757 414 1823 Vere
435 1771 525 1822 novo
547 1753 660 1820 varios
682 1755 832 1820 certaret
852 1771 1009 1838 promere
1031 1753 1140 1823 flores.

215 1885 279 1950 175
322 1881 466 1948 Miratur
487 1882 613 1965 pubes:
637 1878 740 1946 nullis
762 1878 818 1946 hic
840 1879 913 1947 lilia
934 1881 1041 1966 spinis

245 2041 251 2052 ·
324 2006 570 2094 Splendascunt
592 2009 724 2089 tutata,
748 2024 825 2074 1666
846 2007 902 2074 hic
925 2007 1070 2075 effundit
1092 2009 1226 2093 odores,

321 2135 445 2203 Pulcra
466 2134 588 2218 nimis,
612 2151 678 2202 nec
700 2134 776 2202 visa
797 2134 878 2202 alibi
901 2135 1120 2204 rubicundior
1142 2153 1314 2222 unquam3

323 2261 496 2329 Pallentes
519 2260 650 2343 violae,
685 2261 848 2347 cyparissi
870 2262 925 2328 bic
948 2262 1083 2346 virgula
1105 2262 1248 2345 crescit,

322 2391 365 2454 Et
386 2387 521 2473 palmae
551 2391 588 2454 et
610 2387 702 2455 cedri
726 2387 882 2456 redolent
903 2391 940 2456 et
961 2392 1117 2456 aromata
1139 2389 1268 2456 mulla:

216 2517 279 2582 180
323 2514 490 2582 Cinnama
512 2514 702 2600 pubescunt
735 2516 772 2581 et
794 2514 908 2582 fulvae
929 2514 1088 2600 germina
1110 2514 1271 2599 myrrhae

323 2641 543 2728 Galbanaque
573 2644 677 2727 atque
700 2643 837 2726 storax,
861 2643 1009 2711 medium
1032 2643 1180 2711 iucunda
1202 2663 1263 2730 per
1287 2646 1422 2730 ignem:

325 2771 373 2834 fu
396 2785 550 2854 qnoque,
574 2768 680 2836 narde
705 2768 882 2853 fragrans,
906 2770 1005 2836 firma
1039 2770 1152 2837 radice
1176 2771 1335 2854 virescis,

323 2897 534 2981 Quamquam
556 2894 713 2977 humilis,
737 2894 876 2962 simulas
902 2897 994 2966 altae
1017 2897 1153 2965 virtutis
1174 2917 1335 2967 amorem.

325 3021 483 3107 Prodigio
506 3021 680 3107 obstupuit
700 3023 827 3108 pubes,
850 3025 955 3108 atque
977 3022 1086 3092 inscia
1108 3042 1227 3092 sensus

217 3153 279 3217 185
325 3147 472 3230 Α16661,
495 3150 656 3233 properat
678 3146 764 3216 miro
786 3166 989 3234 componere
1014 3147 1087 3216 fetu

323 3273 457 3341 Sollerti
480 3290 571 3340 nova
593 3276 686 3341 66116
707 3291 830 3356 manu;
853 3275 941 3342 Deus
962 3276 1033 3360 ipse
1056 3275 1213 3360 legentes

324 3401 367 3467 ut
388 3399 504 3480 iuvat,
528 3402 567 3466 ut
589 3399 684 3468 vario
706 3401 850 3468 nectant
871 3400 913 3467 de
935 3397 1016 3469 flore
1039 3401 1191 3469 corollas

324 3524 581 3612 Quinquaginta
603 3543 697 3594 rosas
718 3525 848 3594 etenim
870 3543 951 3611 pars
973 3527 1077 3595 tertia
1099 3527 1271 3614 praefert,

325 3653 443 3722 Altera
464 3669 543 3740 pars
565 3650 707 3720 totidem
730 3651 837 3720 violas
858 3655 919 3720 aut
941 3652 1070 3720 murice
1094 3655 1213 3722 rubras

218 3782 279 3848 190
323 3749 518 3864 Sangmneo
541 3780 602 3846 aut
624 3777 725 3862 nigra
746 3777 918 3846 interdum
942 3779 1116 3866 formigine
1140 3780 1269 3866 pictas3

325 3904 450 3972 Ultima
472 3921 551 3990 pars
573 3902 714 3972 totidem
737 3903 928 3972 redolentia
951 3903 1020 3971 lilia
1043 3903 1159 3973 vincit

325 4031 420 4098 Dona
441 4031 544 4098 dabat
565 4047 680 4099 666166
702 4031 807 4116 pubes
830 4029 1017 4098 referentia
1038 4048 1166 4098 sensus.

325 4156 480 4244 Explicat
501 4157 582 4224 binc
603 4156 702 4226 sociis
724 4157 863 4226 niveum
886 4158 974 4244 quod
1004 4157 1135 4226 bebora
1157 4157 1271 4226 velum

325 4282 522 4354 Parthenidi
544 4283 649 4352 tacito
672 4281 869 4354 confecerat
890 4285 965 4371 ipsa
986 4283 1124 4368 labore,

220 4412 282 4479 195
327 4411 481 4495 Argento
501 4428 542 4478 ac
564 4427 649 4478 auro
679 4409 835 4480 miranda
856 4409 1117 4479 vermiculatum

327 4536 411 4604 Arte
434 4536 534 4620 Tyri:
565 4535 664 4604 divae
686 4555 818 4604 summo
840 4537 882 4605 de
906 4538 1033 4606 vertice
1056 4537 1203 4628 Sponsae
