3564 5376
702 553 813 604 nrnnn
836 550 970 602 rnruvs
1395 543 1433 608 91

230 684 296 750 230
341 681 454 749 Sistite
477 680 630 763 collecti,
655 681 724 749 vim
747 681 798 748 vis
820 680 1004 748 coniuncta
1025 682 1177 768 repellet.

341 807 399 874 Ille
423 807 527 876 haec:
550 807 609 875 sed
631 777 727 874 mora
750 805 844 873 nulla
867 805 990 892 lugae;
1015 807 1106 876 ferus
1126 810 1233 878 instat
1255 817 1292 880 et
1314 821 1414 902 urget

343 933 478 1017 lledus,
501 934 537 1000 et
558 931 718 1000 adversos
739 931 918 1001 contendit
939 930 1066 1017 pellere
1090 935 1193 1003 terra.

340 1062 477 1146 Tuque,
500 1078 521 1127 0
542 1076 605 1126 rex
628 1057 727 1141 felix,
750 1076 852 1144 quem
875 1059 974 1126 tauta
996 1077 1015 1124 e
1038 1057 1134 1128 clade
1157 1070 1311 1132 reservat

340 1188 382 1252 nt
405 1183 495 1270 rapit
516 1203 535 1251 e
559 1183 677 1251 mediis
698 1183 833 1268 sonipes
856 1183 942 1268 pede
964 1189 1126 1270 praepete
1151 1185 1246 1270 telis,

231 1312 297 1376 235
342 1311 418 1377 Non
441 1308 592 1376 Gadatas
612 1307 817 1394 Gobriasque
841 1311 985 1394 tegunt,
1009 1328 1077 1376 non
1102 1311 1198 1379 fortis
1220 1314 1366 1396 Arioch;

340 1435 392 1504 Sic
414 1435 553 1502 tandem
576 1433 752 1519 Babylona
772 1432 881 1516 redis,
904 1433 1070 1520 paucique
1094 1443 1291 1522 sequuntur.

428 1561 592 1628 Exarsere
614 1558 698 1626 odiis
719 1558 847 1641 animi,
871 1558 1065 1646 violataque
1086 1560 1162 1629 iura

342 1686 461 1755 Ulcisci
485 1686 591 1754 Medis
608 1685 684 1776 alta
706 1687 776 1753 stat
797 1687 915 1753 mente
937 1689 1129 1772 repostum:

341 1811 471 1898 Quique
492 1810 737 1894 gubernaclum
760 1811 859 1895 regni
882 1813 1000 1895 tenet,
1023 1813 1164 1898 agmina
1185 1816 1296 1903 iungit

229 1939 297 2006 240
342 1937 386 2004 Ut
408 1939 532 2004 Persae
557 1934 643 2004 bello
665 1937 847 2002 occurrant
869 1937 906 2003 et
929 1933 1066 2005 foedera
1086 1945 1252 2024 pangant.

342 2061 523 2146 Imperium
546 2062 599 2128 est
619 2059 728 2144 cyro,
752 2077 818 2146 quo
840 2077 911 2126 uon
933 2059 1002 2127 dux
1025 2060 1148 2130 clarior
1169 2067 1293 2146 armis,

340 2185 437 2254 Sorte
459 2183 576 2252 datum
587 2201 598 2266 ;
620 2183 742 2270 gennit
763 2202 858 2252 soror
879 2183 971 2252 hunc
995 2186 1168 2257 carissima
1189 2191 1272 2274 regi.

287 2291 299 2316 ⁸
339 2313 441 2378 Parte
464 2309 532 2377 alia
554 2327 672 2394 pugna
694 2309 822 2378 fractus
842 2311 1037 2378 Balthassar
1057 2315 1206 2398 agresti,

339 2435 493 2503 Falcatos
514 2453 633 2505 currus
654 2437 755 2520 parat
775 2435 1025 2523 instructasque
1047 2438 1256 2524 phalanges,

227 2561 294 2624 245
338 2559 449 2644 Atque
472 2559 563 2626 urbis
586 2575 700 2626 muros
721 2559 758 2626 ot
778 2559 1035 2645 propugnacula
1057 2561 1187 2628 munit:

338 2685 527 2754 Sollicitant
548 2703 671 2770 segnes
693 2685 826 2754 animos
847 2686 1023 2773 rabiesque
1046 2690 1228 2775 pudorque.

428 2812 570 2880 Croesus
592 2813 669 2879 erat
690 2811 777 2896 lydis
801 2811 882 2880 solix
905 2815 1069 2897 regnator
1091 2813 1127 2880 in
1149 2816 1237 2898 oris,

339 2936 432 3004 Auro
454 2935 585 3004 Pactoli
608 2936 739 3021 pollens
761 2939 798 3003 et
819 2934 927 3005 milite
951 2937 1057 3005 multo

339 3061 574 3148 occiduaeque
598 3060 707 3148 plagis
729 3061 831 3129 Asiae
853 3061 994 3148 ripaque
1017 3063 1158 3148 Caystri.

227 3191 293 3256 250
338 3189 424 3256 Huic
445 3191 539 3256 satus
561 3188 713 3274 Astyage
736 3187 878 3273 cupiens
899 3188 1108 3275 coniungere
1128 3189 1282 3260 dextram

339 3317 485 3399 Legatos
505 3317 661 3400 satrapas
683 3313 809 3397 mittit,
832 3314 890 3400 qui
914 3314 1052 3383 foedera
1073 3319 1237 3402 pangant.

338 3443 480 3510 Munera
500 3440 606 3522 dant,
630 3440 822 3526 primosque
843 3439 946 3508 duces
966 3441 1100 3509 anteire
1123 3445 1305 3529 reposcunt

338 3565 494 3650 Assyrios
516 3564 691 3650 Lydosque
702 3614 713 3648 ,
736 3581 857 3632 recens
879 3567 915 3631 et
937 3566 1060 3632 ducere
1085 3564 1219 3633 bellum.

338 3691 554 3776 Cappadoces
576 3691 744 3774 Ceresque
763 3690 984 3776 Phrygesque
1007 3691 1042 3756 in
1065 3695 1178 3758 castra
1202 3697 1375 3759 vocantur.

225 3818 293 3884 255
338 3815 458 3882 Invida
479 3815 538 3882 eed
560 3813 713 3882 Gadatao
736 3813 847 3881 rabies
868 3816 929 3883 sub
952 3819 1090 3901 pectore
1113 3814 1225 3900 gliscit

339 3941 382 4007 Et
402 3938 567 4021 Gobriao,
591 3939 682 4023 regis
703 3938 801 4006 sociis
822 3938 963 4025 fidisque
986 3939 1168 4022 ministris,

339 4065 451 4150 Atque
473 4062 560 4132 haec
580 4081 653 4132 sese
676 4065 768 4132 inter
789 4064 884 4131 vario
906 4081 1062 4133 sermone
1085 4067 1266 4132 serebant:

339 4189 473 4273 Ergone
495 4190 571 4274 post
594 4190 708 4257 tantos
729 4206 852 4273 ausus,
875 4192 951 4275 post
973 4189 1103 4275 inclyta
1127 4170 1216 4256 tacta

339 4313 555 4400 Spernimur‚
579 4319 789 4402 externoque
812 4315 889 4382 duci
910 4317 1093 4384 subdemur
1116 4315 1256 4401 iniquet

228 4443 294 4509 260
338 4441 425 4518 Quid
446 4440 543 4508 nobis
564 4441 657 4510 vitae
679 4442 807 4526 oblitis,
831 4442 911 4529 quid
934 4441 1061 4528 profuit
1083 4442 1196 4510 hostes

341 4567 383 4634 Et
403 4567 597 4636 coniuratas
620 4569 707 4637 bello
728 4589 904 4656 superasse
927 4573 1107 4640 catervas?
