3560 5368
363 511 433 576 212
876 523 1072 574 rnrnsruos

368 652 430 718 135
473 649 587 718 Gloria
611 667 698 718 neve
721 648 854 717 animos
875 649 975 717 tollat
996 667 1177 735 rerumque
1201 648 1331 735 cupido.

477 777 630 861 Namque
653 775 758 856 Deus,
782 772 949 842 scelerum
971 773 1116 856 vindex,
1140 772 1302 841 caelestia
1324 774 1425 842 trusit

474 898 639 986 Agmina,
663 901 699 965 et
722 897 865 966 internis
885 897 1049 966 obstricta
1071 896 1271 965 rudentibus
1293 898 1365 982 igni

474 1022 624 1092 Tradidit
646 1024 827 1090 aeternum
849 1021 1033 1090 crucianda
1039 1039 1049 1104 ;
1073 1021 1250 1089 hominum
1271 1024 1309 1089 et
1329 1040 1440 1110 genus
1462 1043 1560 1092 omne

476 1148 661 1234 ,lbreptum
687 1147 795 1229 vitiis,
818 1145 987 1214 undarum
1009 1146 1148 1232 gurgite
1172 1164 1335 1230 mersum,

369 1275 430 1340 140
476 1275 602 1358 Magna
622 1271 686 1339 luit
709 1270 909 1339 commissa:
931 1269 1003 1338 dies
1024 1268 1082 1340 sed
1106 1273 1142 1338 et
1164 1271 1276 1339 altera
1298 1271 1423 1340 Christi

475 1398 651 1465 Adventus
672 1395 807 1478 veniet3
831 1397 929 1482 paret
951 1413 1014 1463 ceu
1038 1395 1154 1479 fulgur
1175 1397 1212 1462 in
1234 1395 1377 1480 aethra,

475 1526 662 1591 innumera
682 1521 731 1589 sic
753 1520 810 1588 ille
832 1519 944 1588 aderit
964 1520 1114 1606 stipante
1137 1538 1264 1588 corona

474 1647 686 1728 Caelestum,
711 1644 822 1712 subito
844 1643 1035 1731 percellens
1056 1643 1187 1712 lumine
1208 1647 1339 1732 gentes.

475 1774 577 1841 Certa
598 1771 698 1856 ildes;
721 1771 810 1840 lictis
831 1770 998 1840 occludite
1021 1771 1157 1838 vatibus
1178 1789 1297 1842 aures:
1418 1855 1421 1860 Ι

369 1901 431 1966 145
475 1897 705 1983 iudiciumque
720 1897 844 1978 sedet,
867 1895 977 1964 donec
998 1895 1192 1965 dissolverit
1213 1898 1304 1985 ignis

476 2023 702 2110 aequoraque
725 2024 762 2088 et
784 2024 893 2088 terras
914 2025 950 2088 et
983 2021 1103 2105 magni
1125 2020 1257 2090 lumina
1279 2022 1396 2091 mundi
1418 2061 1463 2072 —

562 2147 616 2215 Sic
637 2147 737 2214 docet
758 2147 923 2214 aeternae
946 2147 1069 2214 Petrus
1091 2146 1304 2216 monimenta
1325 2147 1465 2228 salutm,

334 2261 336 2266 ’
476 2272 641 2341 Mirantes
662 2288 749 2356 quae
771 2269 876 2356 longa
897 2269 1016 2354 legent
1038 2273 1114 2356 post
1134 2271 1247 2339 saecla
1271 2273 1422 2359 nepotes

478 2399 570 2465 Haec
592 2396 675 2479 tibi,
698 2395 853 2477 Corneli,
876 2394 981 2463 dabat
1003 2395 1212 2481 exemplaria
1233 2397 1369 2478 Simon,

372 2527 434 2592 150
477 2527 587 2601 Quum
609 2525 647 2590 tu
670 2505 872 2590 rursus'iter
893 2521 1016 2590 iudaea
1038 2523 1081 2590 ad
1104 2522 1206 2590 litora
1226 2524 1357 2606 tendis,

283 2631 288 2638 ⁴
478 2648 721 2734 Pontificisque
744 2647 821 2734 pedi
844 2650 965 2715 sancto
986 2645 1072 2714 flens
1094 2648 1209 2715 oscula
1229 2648 1323 2716 libes.

372 2835 375 2845 .
479 2778 565 2843 Dum
586 2775 775 2844 discedenti
798 2777 921 2842 Petrus
943 2776 1033 2843 bona
1054 2777 1180 2844 cuncta
1201 2777 1378 2860 precatur,

476 2899 580 2966 Plura
602 2915 703 2984 super
725 2897 808 2965 luda
831 2898 980 2982 rogitat,
1002 2897 1057 2965 cui
1080 2897 1178 2984 plura
1202 2897 1343 2964 serenda

478 3023 594 3092 Tradit
616 3023 799 3090 mandata:
822 3024 860 3089 at
882 3023 1038 3108 Solymae
1061 3023 1140 3089 dum
1164 3040 1247 3091 cura
1269 3025 1443 3104 recursat,

372 3157 433 3222 155
477 3150 624 3220 Solvitur
647 3149 683 3216 in
705 3149 864 3218 lacrimas
886 3151 923 3216 et
944 3149 1033 3217 tristi
1057 3167 1140 3218 voce
1163 3149 1334 3234 protatur:

479 3281 553 3346 Heu
576 3277 656 3344 urbs
678 3276 797 3344 infelix
827 3292 992 3362 casusque
1015 3277 1138 3360 ignara
1162 3275 1286 3342 futuri!

479 3405 638 3472 Imminet
651 3402 719 3470 heu
734 3403 900 3487 quantum
915 3401 1099 3482 excidium,
1116 3418 1286 3488 quamque
1301 3401 1439 3468 horrida
1453 3399 1577 3468 clades!

479 3527 591 3595 Hostis
612 3525 710 3593 adest
721 3543 730 3608 3
753 3525 880 3594 densae
901 3525 1047 3609 cingunt
1068 3527 1129 3592 tua
1152 3524 1288 3592 moenia
1308 3527 1461 3608 turmae,

479 3653 659 3723 Obsidione
681 3654 824 3733 tenent,
856 3651 1009 3718 strictam
1032 3650 1126 3719 velut
1146 3651 1272 3720 efferus
1292 3668 1408 3738 ungue

373 3785 434 3851 160
480 3780 648 3866 Accipiter
661 3778 760 3846 'tollit
782 3777 941 3864 pavidam
963 3797 1025 3862 per
1046 3778 1150 3846 inane
1172 3779 1365 3862 volucrem,

480 3907 592 3993 Atque
614 3905 735 3974 avidus
756 3906 865 3972 rostro
887 3903 1092 3990 discerptam
1115 3903 1257 3972 devorat
1279 3923 1354 3972 ore:

482 4034 618 4099 interea
638 4029 789 4097 obsessos
809 4028 935 4097 scindit
955 4027 1123 4096 discordia
1145 4029 1244 4096 cives.

480 4161 573 4226 llaec
595 4159 631 4224 te
655 4155 871 4242 praemonuit
892 4154 1060 4238 Christus,
1084 4173 1186 4241 quem
1208 4173 1313 4224 caeca
1333 4155 1486 4243 repellis,

479 4283 674 4351 Muneribus
695 4298 800 4366 quum
823 4282 858 4347 te
881 4279 1032 4347 cumulat
1054 4279 1200 4368 visitque
1224 4281 1409 4366 benignus,

372 4415 434 4480 165
479 4413 726 4495 Ductoremque
749 4410 845 4476 tuum
868 4407 997 4476 crudeli
1019 4407 1134 4495 stipite
1158 4409 1241 4494 tigis.

479 4537 524 4603 At
544 4536 684 4622 quinam
707 4533 919 4601 flammarum
942 4535 1056 4602 aestus
1077 4534 1243 4602 tolluntur
1264 4535 1308 4602 ad
1329 4534 1487 4604 aethram
