3472 5360
648 503 760 556 ornus
782 503 917 556 ruruvs
1327 491 1389 559 159

290 632 505 701 Romulidum
527 633 622 700 satus
643 629 782 713 illustri,
805 628 982 718 sanctique
1004 629 1169 716 Quirites,

289 755 452 840 Eubulus,
477 756 546 822 bini
568 759 610 823 et
627 755 761 824 Corneli
785 773 805 824 e
827 755 983 843 germine
1006 757 1126 840 gnati3

288 881 395 948 Affuit
416 884 453 949 et
474 883 600 972 Turpes
622 880 730 965 regali
752 882 796 948 ab
817 879 897 949 sede
921 883 1103 965 magister,

288 1007 330 1074 nt
352 1025 486 1094 quoqne
508 1007 734 1076 Alexamenus
757 1007 970 1094 libanusque
993 1011 1030 1076 et
1059 1009 1164 1096 stirpe
1186 1010 1368 1078 Corinthus

199 1135 243 1200 45
286 1133 489 1217 Praeclara,
512 1131 692 1219 pluresque
716 1130 774 1198 alii
795 1129 939 1201 florente
961 1133 1125 1215 iuventa,

287 1258 397 1346 Regia
418 1276 502 1345 quos
524 1259 632 1326 nutrit
654 1255 804 1327 delectos
825 1256 917 1326 inter
937 1259 1102 1343 ephebos,

287 1383 441 1470 Namque
474 1383 628 1470 palatina
657 1381 780 1451 colitur
802 1399 935 1469 quoque
957 1382 1109 1450 cbristus
1130 1380 1166 1448 in
1189 1383 1278 1451 aula.

287 1508 350 1575 Hic
371 1506 507 1596 pietate
522 1509 675 1589 Pudens,
708 1507 839 1576 meritis
859 1507 1023 1594 insignis,
1048 1511 1085 1576 et
1107 1527 1192 1576 uxor

288 1637 399 1706 'lanto
420 1633 524 1719 digna
546 1635 638 1717 viro,
659 1607 708 1703 'et
730 1633 889 1719 geminae
911 1633 1038 1701 virtute
1061 1651 1212 1716 sorores,

199 1765 244 1830 50
287 1761 441 1831 Candida
461 1759 616 1829 Praxede
639 1757 866 1844 simulatque
889 1757 1058 1826 Pudentia
1080 1759 1198 1846 virgo,

287 1888 398 1974 Atque
422 1885 527 1968 aliae,
551 1887 670 1952 tonsae
693 1883 806 1952 crines
835 1884 871 1950 et
891 1881 1042 1952 vestibus
1063 1883 1150 1952 albis

286 2014 450 2098 indutae,
472 2014 687 2100 matrumque
710 2027 832 2080 manus
854 2009 977 2078 devota
999 2029 1168 2095 seorsum,

287 2138 431 2208 velatae
453 2138 522 2206 lino
544 2137 639 2207 vittis
661 2137 825 2223 vultuque
848 2138 1022 2220 modesto,

287 2264 387 2333 Divos
408 2264 591 2332 Anastasia
613 2263 689 2347 bic,
712 2263 768 2331 hic
789 2265 825 2330 et
848 2261 1005 2330 Besilissa
1027 2263 1167 2348 virago,

198 2393 242 2458 55
286 2393 328 2458 nt
349 2390 444 2476 pueri
468 2389 647 2472 columen,
672 2388 854 2472 Plautilla,
877 2388 1076 2474 parentibus
1097 2388 1179 2456 orbi.

287 2517 381 2584 Unus
401 2515 499 2584 abest
521 2515 663 2599 Paulus,
687 2516 789 2600 longo
811 2533 893 2583 nam
915 2516 1069 2604 tempore
1085 2514 1245 2586 xvinctum

286 2637 490 2705 Mamertina
512 2635 607 2704 illum
629 2637 723 2704 saevi
750 2636 931 2723 Quantis
952 2639 995 2705 ob
1017 2637 1104 2702 iram

283 2764 439 2832 Claustra
461 2767 603 2850 tonent,
626 2766 762 2852 quando
787 2760 952 2856 formosae
974 2763 1096 2832 suadet
1119 2762 1245 2850 Iphicle

286 2890 471 2959 Fraudibus
492 2890 583 2958 hand
606 2890 678 2959 falli
701 2891 859 2979 turpique
881 2891 1050 2978 cupidinis
1070 2893 1189 2970 aestu,

197 3018 241 3084 60
284 3017 431 3103 Regulos
453 3016 571 3103 lugere
594 3016 788 3104 amplexus,
811 3017 995 3104 floremque
1019 3017 1107 3086 tueri

284 3143 508 3229 virgineum,
531 3160 719 3230 puramque
742 3143 839 3231 sequi
860 3143 1031 3214 connubia
1053 3143 1187 3212 christi.

371 3269 459 3354 Ergo
480 3270 600 3340 domus
621 3269 679 3337 ubi
700 3269 834 3338 corneli
857 3271 954 3357 patet
975 3268 1120 3356 amplior
1152 3268 1254 3351 aula,

283 3396 496 3483 Prospiciens
518 3398 653 3482 partem
676 3414 743 3483 qua
765 3395 815 3464 sol
838 3395 976 3481 exurgit
996 3397 1040 3465 ab
1063 3394 1151 3478 alto,

283 3521 501 3592 Conveniunt
522 3541 661 3603 omnes,
684 3524 792 3592 tacita
814 3526 875 3592 sub
897 3524 1019 3604 nocte,
1051 3523 1233 3609 sequentes

195 3649 238 3715 os
279 3645 450 3716 curatum
473 3647 695 3734 osmannae,
719 3651 755 3719 et
776 3649 882 3718 sarm
910 3648 1116 3717 solemnous
1137 3625 1274 3727 asaia

282 3772 434 3841 Primum
455 3775 586 3843 etenim
608 3774 671 3844 boc
696 3775 821 3844 nostris
842 3773 1015 3844 statuebat
1038 3775 1146 3843 Roma
1167 3769 1339 3840 sacellum.

369 3897 524 3972 Attalicis
545 3919 629 3989 crgo
651 3899 759 3991 peplis
780 3901 967 3988 florumque
990 3897 1123 3967 coronis

188 4098 194 4112 ,
283 4025 432 4092 Ornatur
451 4025 584 4111 paries,
615 4026 769 4114 festaque
793 4026 941 4095 virentia
963 4026 1076 4110 myrto

279 4151 450 4221 Marmora
470 4150 648 4225 calcantur
678 4151 791 4222 rubeis
813 4155 873 4221 aut
895 4154 1004 4225 strata
1027 4155 1174 4240 tapetis;

195 4282 237 4346 70
281 4282 455 4351 innumeri
477 4300 558 4351 cera
580 4283 697 4368 lychni
719 4283 917 4355 flammante
939 4288 1140 4368 coruscant,

281 4407 322 4475 Et
343 4407 437 4476 locus
457 4411 645 4495 unguentis
665 4411 882 4498 Arabumque
905 4413 1086 4499 vaporibus
1107 4412 1208 4482 nalal

280 4533 425 4603 Levibus
447 4535 502 4604 hic
525 4536 628 4622 lignis
655 4538 777 4626 triplici
803 4539 945 4626 veloque
970 4539 1073 4607 nivali
