3472 5360
345 451 407 518 ico
846 464 1043 518 sursnrnos

451 590 630 668 obtectae,
654 585 819 656 assimiles
839 607 940 657 arcae
963 589 1130 660 tolluntur
1149 597 1185 660 et
1207 613 1310 678 arae,

449 713 491 778 Et
513 731 614 798 super
636 711 816 780 effundunt
838 717 969 798 septem
993 714 1123 784 funalia
1144 717 1276 786 lucem:

361 838 404 902 75
448 836 517 901 Has
538 849 642 919 prope
664 850 762 900 sacra
784 837 908 920 parant
929 834 1107 921 insculptis
1129 854 1235 906 aurea
1256 839 1361 924 signis

449 960 556 1038 Vasa,
581 957 790 1042 resurgentis
811 956 933 1026 Christi
957 977 1045 1044 quae
1070 959 1162 1029 iacta
1183 965 1398 1044 retractant3

451 1085 494 1152 lit
515 1100 660 1150 vacuum
682 1083 718 1150 in
743 1082 869 1168 pateris
890 1085 1006 1152 excisa
1028 1104 1113 1173 rupe
1141 1087 1355 1173 sepulcrum,

450 1209 677 1294 caelestisque
699 1208 792 1277 chori
816 1209 957 1276 iuvenes
980 1209 1060 1276 hinc
1084 1211 1163 1280 inde
1185 1213 1365 1298 sedentes3

451 1337 492 1402 Et
515 1335 662 1420 positum
685 1333 788 1421 capiti
810 1333 946 1416 velum,
970 1353 1126 1422 quaeque
1149 1340 1300 1423 unguine
1324 1340 1445 1410 multo.

363 1467 406 1530 80
449 1461 593 1530 Condita
614 1460 796 1530 obvolvere
817 1479 952 1530 sacrum
975 1479 1066 1530 nova
1088 1463 1196 1534 lintea
1218 1485 1358 1552 corpuS,

452 1589 492 1653 nt
514 1588 642 1652 stratus
663 1585 763 1654 terris
785 1585 892 1653 nimia
914 1579 1093 1656 lormidin'e
1116 1592 1248 1674 custos,

451 1711 559 1794 Mugit
581 1709 638 1775 ubi
662 1709 762 1776 tellus
784 1709 924 1777 tremitu
946 1713 983 1777 et
1004 1729 1168 1780 concussa
1190 1713 1342 1781 dehiscit.

452 1837 573 1903 Graius
594 1834 699 1916 baec,
724 1834 855 1903 cbristo
879 1835 1012 1921 peperit
1033 1854 1134 1922 quem
1157 1839 1283 1908 Paulus
1306 1839 1464 1922 Athenis,

453 1961 587 2030 Corneli
611 1961 722 2044 iussn,
750 1959 882 2028 caelato
903 1961 1092 2046 sculpserat
1113 1979 1202 2030 aere.

365 2093 409 2157 85
454 2091 590 2156 Interea
612 2087 668 2173 pia
691 2086 791 2154 turba
812 2105 905 2173 genu
928 2087 1060 2157 deflexa
1085 2089 1215 2158 serebat

452 2219 593 2284 Munera
614 2213 792 2296 Pontifici,
823 2215 993 2300 panchaei
1018 2216 1103 2284 turis
1123 2219 1266 2304 odores,

452 2347 653 2428 limatisque
676 2343 769 2415 cadis
791 2347 909 2412 vinum
932 2348 968 2412 et
990 2348 1139 2417 cerealia
1161 2345 1246 2428 liba,

452 2479 495 2544 Et
517 2475 627 2562 parcis
650 2474 817 2542 fabricata
838 2472 957 2560 apibus
979 2473 1190 2544 flammantia
1212 2475 1311 2544 dona.

453 2607 539 2670 Ecce
561 2605 677 2670 autem
699 2603 804 2671 sacris
826 2607 964 2672 resonat
997 2604 1218 2672 concentibus
1239 2602 1379 2683 aether,

367 2734 410 2798 00
455 2731 544 2808 Quos
566 2731 602 2801 et
624 2729 824 2816 iampridem
846 2731 958 2817 proles
980 2731 1110 2798 iessaea
1131 2733 1298 2813 canebat,

456 2857 602 2934 Vocibus
623 2853 767 2924 alternis
789 2855 970 2943 repetunt,
997 2855 1101 2940 atque
1124 2853 1411 2941 omnipotentem,

454 2987 517 3064 Qui
539 2988 644 3057 solem
667 2990 704 3054 et
727 2987 843 3054 lunam
866 2988 902 3054 et
925 2987 1052 3065 terras,
1076 2984 1132 3069 qui
1156 2982 1237 3052 lecit
1259 2984 1294 3050 et
1316 2984 1444 3066 altum,

455 3117 639 3202 Sideraque
662 3115 828 3182 immenso
856 3114 988 3182 caelum
1012 3111 1186 3183 volventia
1207 3130 1315 3198 gyro,

455 3242 651 3324 Extollunt;
678 3244 911 3328 spernuntque
934 3241 1013 3309 deos
1036 3243 1072 3310 et
1093 3241 1193 3327 signa
1214 3241 1375 3322 deorum,

367 3375 410 3440 05
455 3374 499 3440 Ut
521 3369 624 3438 Satan
648 3385 732 3456 opus
754 3371 790 3434 et
813 3369 917 3436 falsae
941 3367 1085 3437 ludibria
1110 3367 1243 3437 mentis.

454 3497 539 3563 Dum
562 3512 631 3561 nox
653 3492 725 3560 alta
747 3491 860 3574 lavet,
884 3490 972 3558 dulci
994 3491 1075 3559 dum
1097 3508 1241 3578 corpora
1262 3509 1381 3560 somno

453 3624 543 3691 Dant
565 3621 738 3703 homines,
768 3637 928 3706 superum
951 3619 1037 3704 Regi
1060 3618 1121 3687 tibi
1145 3619 1297 3688 carmine
1318 3617 1438 3686 laudes

455 3750 598 3830 Dicunt,
622 3764 769 3834 namque
792 3747 853 3813 tibi
876 3747 1056 3814 aeternum
1081 3763 1143 3831 per
1163 3745 1300 3814 merula
1322 3762 1467 3823 nomen,

456 3879 529 3945 Une
551 3877 588 3944 et
610 3873 712 3943 Trine
735 3875 843 3959 Deus,
874 3877 977 3944 Pater
999 3892 1020 3941 ο
1043 3887 1224 3958 rerumque
1248 3869 1512 3956 hominumque.

349 4009 411 4072 100
457 4005 641 4090 Aequueva
663 4020 684 4069 o
707 4001 864 4084 soboles,
888 4000 1053 4088 aequaevi
1076 3999 1252 4068 oFlamen
1269 3999 1402 4065 amoris.

543 4127 704 4196 Cantibus
726 4127 890 4213 expletis,
914 4127 1005 4195 inter
1026 4125 1194 4193 solemnia
1216 4127 1337 4193 Petrus

458 4255 591 4326 Corneli
615 4255 699 4323 sella
720 4252 871 4322 insidens
891 4251 939 4320 sic
962 4251 1206 4320 ora'resolvit:

457 4383 689 4464 Cirristiadae,
717 4383 789 4448 toto
813 4399 879 4466 quo
904 4383 1057 4465 tempore
1080 4379 1228 4447 volvitur
1250 4394 1381 4460 annus,

458 4510 564 4578 Maior
588 4506 682 4578 nulla
703 4509 776 4576 dies
798 4507 883 4586 bac,
907 4523 972 4574 nec
996 4505 1104 4589 magis
1126 4504 1198 4580 ulla
1218 4503 1382 4584 colenda;
