3472 5360
672 501 784 552 nlssnn
806 502 941 552 PRIMVS

311 629 499 716 Religionis
521 631 615 699 enim
638 633 766 700 Romae
789 631 960 699 cunabula
982 632 1129 698 nostrae.

310 756 379 822 Hos
400 756 491 824 iuter
514 757 629 841 mulli,
652 773 832 844 supremae
855 756 1009 826 Caesaris
1030 754 1131 823 aulae

311 883 471 957 Quamvis
493 882 639 964 addicti,
668 884 773 952 sacris
795 881 1024 951 conventibus
1045 881 1151 947 ibant.

311 1007 431 1074 Graius
455 1007 684 1076 Alexamenos
705 1009 920 1094 libanusque
947 1023 1126 1091 comesque
1150 1003 1349 1085 Corinthus,

199 1129 265 1194 365
313 1132 445 1200 Aetatis
466 1133 523 1218 qui
547 1151 627 1202 vere
652 1150 765 1202 meum
787 1134 965 1200 sectantur
987 1133 1119 1212 Iesum,

311 1255 446 1340 Egregii
470 1256 595 1340 forma,
621 1275 720 1344 mage
743 1257 802 1326 sed
825 1257 951 1326 virtute
974 1255 1087 1323 decori

310 1382 351 1448 nt
373 1400 475 1468 puros
496 1385 638 1450 servant
662 1384 759 1451 tauto
781 1381 818 1449 in
841 1380 1037 1449 discrimine
1060 1395 1181 1446 mores.

311 1504 365 1572 Nil
389 1505 582 1591 trepidant,
606 1523 677 1572 non
699 1505 851 1575 effrenae
875 1504 1030 1574 convicia
1056 1503 1173 1590 pubis,

309 1631 417 1716 Impia
439 1649 505 1700 nec
527 1631 670 1717 graphio
692 1631 886 1718 conscripta
908 1631 944 1697 in
968 1631 1098 1716 pariete
1121 1629 1241 1714 signa;

201 1756 266 1821 370
310 1754 363 1822 Sic
386 1756 525 1840 Daniel,
556 1757 605 1826 sic
628 1758 699 1824 tres
721 1757 814 1843 capti
837 1756 1014 1841 Babylona
1037 1753 1220 1824 trahuntur

308 1869 455 1947 Hebraei
479 1880 642 1962 iuvenes,
666 1881 792 1949 fastum
814 1881 874 1949 sod
897 1883 1016 1948 mente
1038 1879 1151 1947 tenaci

310 2004 483 2088 Assyrium
504 2009 673 2090 spernunt
696 2022 916 2091 mensamque
939 2006 977 2073 et
999 2003 1240 2082 mediamna,

312 2129 361 2194 Ne
385 2130 513 2214 patrias
536 2130 665 2199 violent
689 2129 783 2215 leges
805 2129 989 2215 divinaque
1013 2129 1096 2196 iura

397 2255 547 2321 Pastoris
568 2258 687 2322 lamen
710 2253 766 2320 ille
792 2254 870 2321 boni
892 2254 972 2321 dum
997 2252 1115 2322 munia
1137 2254 1305 2338 praestat,

200 2377 265 2442 375
309 2378 412 2446 Parte
436 2379 504 2446 alia
528 2379 619 2446 Simo
643 2379 764 2466 (quem
787 2379 893 2446 Satan
918 2378 1053 2446 invidus
1075 2395 1152 2445 osor

312 2505 459 2570 Humani
482 2504 621 2587 generis
643 2503 712 2572 sibi*
729 2503 910 2590 tinxerat),
933 2507 1009 2572 arte
1033 2501 1178 2571 nocendi

313 2631 480 2716 Expertus
502 2631 711 2718 magicisque
734 2631 840 2714 dolia,
871 2629 920 2697 nil
944 2629 1075 2700 fraudis
1095 2629 1244 2710 omittit,

313 2757 355 2822 Ut
378 2773 469 2824 nova
490 2756 728 2843 christigenae
749 2759 947 2842 corrumpat
968 2755 1101 2824 semina
1124 2753 1241 2839 plebis.

311 2881 466 2949 Excoluit
487 2883 588 2950 docta
610 2882 796 2952 Samarites
819 2883 902 2949 urbe
924 2880 1053 2966 canopi

201 3008 266 3070 :380
308 3007 489 3092 Ingenium
511 3007 630 3075 studiis
652 3006 857 3075 illustribus:
892 3005 997 3091 impia
1017 3004 1076 3072 sed
1100 3023 1217 3086 mens,

310 3130 443 3198 infandi
468 3149 579 3199 mores
601 3131 802 3218 animusque
826 3129 1047 3212 vaferrimus,
1071 3129 1195 3198 audax.

309 3255 370 3323 Hic
394 3259 534 3324 Petrum
556 3257 757 3344 iampridem
781 3256 886 3338 adiit,
911 3256 980 3340 iam
1004 3255 1143 3323 ilumlne
1168 3273 1266 3322 sacro

309 3378 472 3462 ablutus,
496 3381 672 3465 pretioque
695 3379 768 3446 dari
791 3379 855 3446 sibi
878 3379 969 3446 dona
998 3377 1170 3464 poposcit,

309 3505 521 3574 Horrendum
545 3505 656 3575 dictu!
683 3505 802 3575 tribuit
826 3523 914 3591 quae
938 3505 1081 3591 Spiritus
1102 3504 1220 3572 almus.

200 3633 264 3698 :385
309 3633 490 3716 Infernae,
513 3635 636 3702 Petrus
657 3634 767 3702 scelus
789 3631 1007 3717 indignatus,
1037 3630 1150 3716 abyssi

309 3755 383 3824 Sint
405 3757 487 3840 tibi,
511 3758 580 3838 all,
604 3774 711 3826 coeno
735 3759 848 3826 terrae
871 3755 928 3841 qui
951 3771 1096 3822 munera
1118 3752 1203 3821 caeli

307 3881 456 3948 Grandia
480 3881 661 3964 mercaris,
686 3884 746 3949 tua
768 3883 871 3967 teque
894 3880 1039 3966 pecunia
1063 3878 1191 3966 perdat.

308 4003 378 4070 ceu
400 4005 557 4088 coluber,
588 4003 730 4091 pedibus
751 4003 873 4090 premit
895 4020 998 4089 quem
1022 4002 1109 4070 forte
1131 4001 1262 4081 viator,

307 4127 453 4198 Caerula
473 4129 561 4198 colla
584 4133 714 4214 tumet,
745 4148 783 4197 se
804 4147 909 4215 seque
931 4129 1066 4197 volutat
1087 4129 1124 4195 in
1146 4129 1285 4207 orbem,

198 4251 263 4315 :390
309 4253 350 4316 lli
372 4251 504 4321 saniem
525 4256 681 4334 eructat,
707 4251 863 4336 linguam
885 4255 922 4319 et
944 4251 1057 4318 vibrat
1078 4267 1137 4317 ore
1162 4247 1359 4316 trisulcam:

307 4376 399 4444 Haec
421 4377 471 4446 ila
492 4378 620 4446 Simoni
643 4378 795 4461 figuntur
817 4376 918 4444 corde
949 4375 1011 4442 sub
1033 4373 1123 4457 imo,

308 4503 397 4570 Iram
419 4509 568 4586 acuunt,
597 4503 749 4572 lovetot
772 4501 874 4569 miser
896 4499 1146 4569 immedicabile
1170 4498 1301 4566 vulnus.
