3576 5376
684 755 914 839 nundin
951 757 1039 842 VII

650 976 826 1043 ALTER
864 976 1069 1046 ansvs

369 1693 505 1761 isacidis
527 1711 631 1779 quum
653 1693 728 1761 iura
750 1693 848 1762 daret
869 1694 927 1779 qui
950 1693 986 1760 in
1009 1694 1158 1762 culmine
1180 1694 1280 1763 Sinae

456 1818 591 1886 Arcano
613 1818 665 1885 est
687 1815 810 1885 fruitus
832 1816 989 1884 Numinis
1009 1817 1178 1904 alloquio,

367 1939 539 2009 Solemnes
560 1940 692 2008 hircum
714 1939 790 2008 duci
812 1940 985 2010 sutuebat
1008 1941 1051 2009 ad
1078 1960 1177 2024 aras,

454 2065 486 2123 (1)
509 2065 739 2151 Omnigenum
759 2065 873 2151 popuii
899 2065 1030 2134 crimen
1052 2068 1090 2134 ut
1112 2067 1288 2151 ablueret3

302 2191 324 2255 5
369 2192 477 2266 Quem
498 2193 684 2276 spernunt,
707 2190 838 2277 probris
859 2195 897 2258 et
917 2193 1079 2259 onustum
1101 2193 1278 2261 moenibus
1292 2199 1431 2278 arcent,

455 2315 517 2381 Hic
539 2331 718 2382 nemorum
740 2313 934 2382 immundus
953 2317 1101 2384 truditur
1123 2316 1159 2383 in
1180 2317 1346 2386 latebras:

312 2493 315 2500 .
368 2440 436 2521 Te,
460 2441 556 2520 Iosu,
580 2437 666 2507 baec
687 2456 873 2507 monuere:
896 2440 1036 2526 ingrata
1058 2439 1173 2526 pulsus
1193 2444 1237 2511 ab
1259 2444 1364 2526 urbe,

456 2565 627 2649 Quotquot
647 2565 729 2632 sunt
750 2563 924 2632 bominum
948 2565 1094 2633 crimina
1116 2565 1185 2634 fers
1206 2567 1363 2637 humeris.

369 2689 534 2776 Indignae
556 2707 658 2758 voces
679 2691 716 2757 et
739 2691 774 2757 te
798 2689 980 2757 maledicta
1001 2695 1211 2778 sequuntur,

284 2818 323 2884 10
455 2816 568 2883 Donec
591 2813 733 2882 ibnereo
755 2813 895 2882 victima
916 2817 1033 2883 monte
1057 2815 1158 2884 cadis.

368 2939 543 3027 Squalenti
566 2939 720 3026 fessoque
742 2957 863 3026 parum
885 2939 1059 3008 solaminis
1079 2940 1183 3009 affert

456 3067 593 3147 Simon,
616 3065 740 3151 quippe
762 3066 860 3150 gravi
882 3066 1001 3134 robore
1025 3068 1125 3134 dorsa
1145 3067 1270 3153 premit

367 3192 472 3258 Trabs
494 3187 623 3272 crucis,
646 3191 683 3257 e't
704 3187 819 3256 lentus
839 3189 1013 3274 graditur,
1045 3207 1111 3258 nec
1132 3209 1209 3277 spes
1230 3194 1331 3260 datur
1354 3193 1423 3261 ulla

454 3313 591 3381 Viribus
612 3311 788 3381 exhaustis
807 3313 972 3382 scandere
999 3331 1096 3399 posse
1118 3315 1245 3401 iugum.

283 3443 324 3508 15
368 3444 505 3508 Interea
526 3455 660 3506 sacrum
683 3441 849 3505 memorat
871 3437 933 3505 sub
955 3443 1092 3525 pectore
1115 3457 1254 3508 carmen
1270 3441 1320 3522 iii:

454 3563 590 3632 Davidis
610 3563 738 3632 dudum
759 3563 912 3649 praescia
933 3582 1031 3632 mens
1052 3565 1188 3633 cecinit.

368 3729 412 3740 —-
433 3690 539 3760 Serva
560 3707 615 3757 me
637 3691 744 3757 Deus:
768 3706 814 3757 en
835 3688 956 3757 tumidi
979 3690 1082 3758 maris
1103 3691 1251 3779 undique
1274 3691 1395 3761 fluctus

454 3819 634 3898 Invasere,
657 3813 809 3884 fremens
830 3815 942 3882 obruit
963 3815 1056 3883 unda
1077 3819 1189 3902 capnt.

368 3946 555 4026 immergor
577 3939 658 4007 limo
681 3937 797 4022 tundi,
822 3957 891 4006 vox
910 3957 1015 4008 rauca
1037 3941 1178 4026 resedit,

280 4071 324 4136 20
456 4069 543 4135 Dum
563 4065 691 4149 clamo,
714 4065 829 4134 nullus
850 4065 962 4152 prodit
984 4069 1021 4135 et
1043 4085 1102 4136 ore
1123 4085 1247 4151 sonus3

369 4192 513 4259 Lumina
534 4189 690 4258 deiecere
724 4189 829 4273 mibi,
861 4189 956 4259 furor
976 4191 1099 4278 impius
1120 4192 1227 4260 hostis

454 4316 594 4398 Gliscit3
617 4333 705 4402 quae
728 4333 905 4403 nunquam
926 4316 1076 4402 subripui
1099 4318 1246 4387 exsoiuo.

367 4443 422 4512 Me
443 4442 559 4510 cuncti
581 4442 729 4530 liquere3
752 4441 855 4526 meis,
879 4442 975 4512 velut
995 4443 1146 4527 advena,
1169 4461 1312 4530 spernor

456 4568 648 4652 Fratribus,
682 4571 717 4637 et
742 4568 878 4654 quantis
900 4570 967 4636 heu
990 4585 1126 4654 premor
1147 4570 1353 4656 opprobriis!
