3560 5368
322 507 385 571 244
793 518 1069 570 rssrsnsranos

430 645 562 712 Emicat
583 647 666 711 ante
687 643 791 726 alios,
814 650 953 729 regeret
975 662 1079 729 quum
1102 663 1235 712 summa
1258 661 1452 727 sacrorum,

320 769 385 835 390
430 765 629 834 Zacharias:
660 764 759 832 albae
781 765 997 848 distinguunt
1020 765 1137 833 addita
1161 765 1248 834 vesti

431 891 559 974 Pallia,
591 908 678 977 quae
701 891 866 957 decorant
888 891 975 957 aeris
998 890 1206 974 crepitacula
1230 889 1335 967 tulvi,

432 1017 568 1085 Muricis
590 1013 732 1083 alternis
753 1013 919 1100 globulis,
941 1014 1121 1100 specieque
1145 1013 1344 1100 hyacinthi;

434 1139 570 1206 Balteus
592 1137 753 1221 astringit
774 1136 940 1222 pictisque
963 1135 1129 1204 coloribus
1152 1139 1268 1216 414119,

433 1265 595 1350 Byssinae
618 1265 655 1331 et
676 1261 844 1348 edlrlgent
866 1263 969 1348 capiti
991 1263 1115 1330 decora
1137 1263 1209 1330 4144
1231 1263 1350 1330 414149.

324 1391 390 1456 395
434 1391 494 1456 Α94
516 1388 661 1472 insignis
682 1386 793 1473 ephod
820 1405 864 1454 ex
885 1387 1013 1455 vellere
1036 1388 1164 1473 pendet
1187 1389 1369 1474 utrumque

434 1513 484 1580 Ad
505 1511 595 1580 latus
616 1530 635 1579 e
659 1510 744 1580 collo
767 1529 807 1577 ac
830 1511 981 1580 humeris
1010 1514 1046 1579 et
1067 1514 1207 1596 pectora
1230 1511 1359 1596 cingit3

435 1638 593 1706 Bissenae
617 1637 738 1704 rutilae
761 1653 940 1720 gemmae,
963 1637 1110 1721 pretiosa
1131 1636 1301 1723 supellex,

434 1764 654 1848 Bisseuasque
677 1761 785 1828 tribus
808 1759 962 1827 referunt
985 1759 1092 1829 felicis
1114 1762 1234 1828 Iacob:

435 1891 496 1956 Ast
517 1888 611 1955 Urim
633 1891 669 1954 et
692 1885 906 1969 Thummim,
930 1904 1017 1972 quae
1040 1887 1156 1971 magni
1191 1888 1348 1955 Numinis
1369 1887 1449 1954 olim

326 2017 390 2082 400
435 2012 625 2081 Abramidis
647 2004 810 2098 responsa
831 2011 980 2094 dabant,
1004 2015 1160 2094 tacuere,
1185 2031 1250 2080 nec
1273 2013 1363 2080 111414

436 2137 603 2206 Exaudite
624 2137 716 2218 solo,
739 2138 920 2222 postquem
942 2136 1084 2203 disiecta
1106 2136 1213 2204 ruinis

439 2261 579 2347 Templa
602 2260 749 2344 cadunt,
772 2261 863 2345 syrio
884 2263 921 2328 et
944 2259 1062 2328 victori
1085 2261 1238 2328 subditur
1260 2263 1396 2330 Abram.

437 2386 552 2468 Talia,
575 2404 664 2471 quae
687 2385 788 2452 Iudas
810 2385 932 2452 statuit
954 2384 1120 2453 solemnia
1142 2386 1308 2472 primum,

438 2511 587 2579 lsacidae
610 2509 766 2576 recolunt
787 2509 938 2578 alacres:
963 2509 1058 2594 plebs
1079 2509 1190 2577 affluit
1212 2512 1330 2580 omnis.

328 2640 393 2701 405
439 2637 509 2701 Nec
531 2636 649 2700 tamen
671 2633 809 2700 arcetur
830 2633 947 2700 noster
970 2632 1092 2700 chorus
1121 2633 1234 2701 incola
1257 2634 1374 2720 templi

439 2759 643 2844 Virginem,
666 2757 785 2842 patriis
807 2757 890 2844 quin
913 2759 949 2824 94
970 2756 1177 2826 solemnibus
1198 2761 1309 2841 estat,

439 2887 480 2951 Et
502 2882 632 2968 palmas
654 2885 838 2966 memoret,
861 2883 958 2967 genti
981 2885 1018 2950 94
1039 2901 1099 2951 sua
1122 2884 1248 2969 gaudia
1271 2885 1409 2953 miscet:

442 3009 589 3097 Pergula
612 3027 759 3094 namque
782 3011 898 3096 patet,
923 3027 993 3095 qua
1015 3009 1164 3095 porticus
1185 3011 1257 3078 alta
1282 3014 1434 3079 recursat

439 3137 637 3222 Opportuna
660 3134 754 3202 loco:
778 3135 959 3203 seiunctim
982 3134 1039 3202 hic
1062 3136 1191 3204 innuba
1214 3137 1344 3222 pubeS,

330 3265 395 3328 410
439 3263 500 3330 091
523 3262 647 3328 niveae
670 3261 830 3341 tunicae,
854 3263 890 3328 et
913 3260 1112 3330 redimicula
1134 3281 1274 3348 corpore
1304 3263 1475 3350 pendent,

440 3389 576 3473 Hasque
600 3387 710 3470 inter,
734 3386 861 3455 dilecta
883 3389 970 3469 Deo,
994 3386 1089 3454 sedet
1115 3388 1243 3472 inclyta
1265 3388 1379 3472 Virgo.

528 3517 630 3583 Forte
653 3515 774 3584 aderat
796 3517 952 3598 Simeon,
976 3517 1098 3602 grandi
1120 3517 1314 3604 spectabilis
1335 3537 1442 3600 aevo,

440 3641 632 3708 Observans
655 3639 778 3725 aequi,
802 3657 941 3726 superos
963 3642 1020 3726 qui
1044 3644 1196 3726 tempore
1218 3640 1323 3727 longo

442 3766 592 3850 Urgebat
614 3765 789 3851 precibus,
814 3783 923 3850 genus
945 3771 981 3834 ut
1005 3767 1191 3834 mittendus
1211 3767 1255 3835 ab
1277 3767 1347 3835 alto

332 3895 396 3959 415
440 3890 594 3960 Solveret
616 3909 638 3958 a
659 3908 771 3974 noxa,
795 3910 860 3960 nec
883 3893 993 3960 obiret
1015 3892 1106 3976 iata,
1129 3893 1325 3980 priusquam

441 4017 606 4085 Cerneret
628 4015 739 4099 hunc,
774 4019 809 4084 94
832 4021 928 4084 99144
951 4016 1054 4101 fides,
1082 4020 1171 4086 Deus
1192 4019 1262 4104 ipse
1285 4019 1474 4104 spopondit.

442 4145 529 4227 Ergo
551 4159 658 4211 senex
680 4143 804 4229 populo
826 4144 1020 4226 immixtus,
1044 4143 1124 4211 dum
1146 4162 1244 4212 sacra
1265 4145 1423 4212 sacerdos

442 4271 597 4338 Summus
618 4269 711 4354 agit,
735 4287 862 4355 magno
885 4269 1086 4337 volitantem
1109 4270 1238 4338 lumine
1261 4270 1431 4339 dammam

442 4397 604 4477 Miratur;
628 4398 768 4464 tandem
791 4397 964 4464 duodenas
986 4397 1117 4480 fingere
1140 4395 1274 4479 9491149,

333 4523 397 4589 420
441 4523 507 4589 Uni
530 4541 573 4590 ex
597 4523 785 4606 virginibus
807 4527 910 4608 caput
932 4527 968 4590 et
991 4523 1199 4590 circumdare
1223 4527 1323 4591 serto.
