3564 5376
701 539 814 590 LIBER
848 537 1027 590 SECVNDVS

363 666 511 749 Agmina
535 684 681 753 namque
703 667 763 734 tuo
796 665 948 752 pendent
971 667 1134 735 caelestia
1159 671 1266 751 nutu,

251 792 317 858 620
362 791 453 858 Mille
474 790 576 858 duces
598 791 701 858 caelis
724 793 759 858 te
781 791 950 877 cingunt,
984 790 1076 858 mille
1098 796 1285 874 coronent,

364 918 406 984 Et
428 916 559 984 faciunt
581 917 762 985 mundate:
785 917 900 985 Crucis
922 918 981 985 sed
1002 917 1146 1004 signifer
1166 919 1277 988 almae
1332 1009 1336 1019 μ

363 1043 535 1111 Vexillum
555 1042 681 1111 attollit
704 1042 869 1126 Michae13
893 1045 995 1129 caput
1015 1043 1087 1130 ipse
1109 1045 1266 1113 draconis

362 1171 505 1236 Tartara
526 1170 562 1235 in
584 1168 654 1236 ima
676 1168 819 1254 premit,
842 1186 1031 1256 superaque
1054 1187 1074 1237 e
1096 1170 1175 1238 sede
1197 1173 1373 1258 protervos

363 1293 529 1361 Infractos
550 1292 638 1360 bello
660 1294 839 1361 aeternum
860 1293 1028 1360 iaculatur
1048 1294 1086 1360 in
1108 1295 1233 1378 ignem.

252 1420 318 1487 625
362 1422 549 1487 Immanem
571 1416 692 1484 contra
713 1419 816 1502 atque
839 1416 931 1486 elate
952 1436 1035 1486 voce
1058 1419 1264 1504 tyrannum,

361 1543 527 1629 Principis
547 1543 721 1629 Aligerum
743 1542 880 1610 victoris
900 1542 1000 1629 signs
1020 1561 1218 1630 sequanum

362 1671 429 1737 Nos
450 1669 566 1752 cinget
588 1667 685 1734 divus
705 1667 805 1736 sertis
827 1667 978 1736 felicibus
1000 1667 1141 1754 Agnus·

360 1794 434 1862 Sint
453 1793 535 1876 tibi,
571 1810 696 1877 magne
719 1794 842 1873 Pater,
867 1811 981 1861 rerum
1003 1811 1196 1880 magnoque
1219 1798 1358 1866 Parenti

360 1913 545 1997 Progenies
566 1930 760 2000 aequaeva,
784 1913 845 1981 tibi
867 1914 956 1998 sint,
979 1915 1120 2000 Spiritus
1141 1917 1251 1998 alme,

248 2039 314 2106 630
359 2040 545 2107 Aeternum
567 2037 704 2122 laudes,
727 2041 908 2108 aeternum
929 2041 966 2107 in
989 2040 1123 2109 saecule
1145 2059 1280 2110 nomen.

357 2166 411 2233 Sic
434 2168 535 2233 orent
556 2166 702 2252 pariter;
724 2168 821 2235 vates
843 2167 910 2234 cito
931 2167 1031 2236 cessit
1052 2168 1091 2234 in
1112 2171 1250 2236 antrum

358 2292 519 2375 Ianiculi3
541 2292 690 2361 incensis
712 2294 835 2362 animis
855 2296 927 2362 tum
951 2296 1042 2365 dicta
1062 2300 1243 2382 capessunt

246 2417 313 2484 633
356 2419 600 2505 inceptumque
622 2437 706 2505 opus
726 2419 921 2490 instaurant
941 2423 1179 2509 complentque
1202 2395 1356 2500 Quirites.
