3564 5376
836 515 1074 567 DANOELEIDOS

463 637 674 706 carminibus
695 640 818 709 dicam.
842 643 925 723 Vos,
951 662 972 710 o
993 645 1148 729 spectata
1168 642 1349 727 inventus,

461 763 550 839 Quos
571 763 635 831 sibi
657 766 776 852 religio
797 771 947 836 secretos
968 767 1092 837 educat
1113 770 1198 852 aris,

463 890 613 975 Pignora
634 911 715 960 cara
736 893 866 980 gregis,
898 897 1074 963 Pastorem
1095 894 1212 962 audite
1234 896 1425 962 canentem.

462 1020 555 1096 Quae
579 1020 702 1105 virtus,
724 1022 803 1089 aevi
824 1040 913 1108 quae
935 1021 980 1090 sit
1001 1023 1170 1108 sapientia
1192 1023 1319 1106 vestri,

376 1145 419 1209 10
464 1145 604 1230 Discite,
628 1165 715 1234 quae
739 1148 865 1235 pietas,
889 1149 945 1236 qui
970 1149 1054 1216 casti
1078 1151 1224 1236 pectoris
1245 1148 1363 1230 ardor,

464 1270 558 1346 Quae
581 1273 721 1358 posthac
744 1274 909 1342 maneant
930 1273 1102 1360 integram
1135 1273 1288 1360 praemia
1309 1272 1427 1340 vitam.

550 1394 692 1480 Spiritus
713 1396 816 1477 alme,
841 1397 900 1464 tuo
924 1399 1057 1464 mentes
1078 1397 1135 1482 qui
1158 1395 1285 1464 lumine
1308 1394 1449 1476 lustras,

463 1519 534 1596 Quo
556 1519 641 1588 duce
664 1519 751 1588 mira
773 1521 867 1588 videt
888 1520 1007 1589 Daniel
1030 1522 1208 1607 aperitque
1231 1520 1360 1603 lutura,

464 1642 602 1728 Quoque
624 1643 765 1712 afflante
787 1643 888 1711 datur
910 1663 1014 1730 puero
1037 1644 1219 1731 prudentia
1241 1643 1366 1724 maior;

380 1769 419 1834 15
462 1769 601 1853 Annua,
625 1785 705 1836 nam
729 1768 833 1837 fallax
856 1786 927 1836 non
950 1787 1004 1836 me
1030 1768 1129 1838 modo
1152 1768 1266 1837 sabula
1288 1768 1391 1851 ludit,

463 1894 568 1962 Docta
588 1894 686 1976 licet,
710 1897 890 1981 versatque
914 1897 1082 1962 animum:
1106 1894 1247 1964 Daniele
1270 1894 1447 1979 magistro,

463 2019 555 2086 Vera
576 2017 714 2104 loquor,
737 2020 921 2106 magnique
946 2019 1004 2086 Dei
1029 2021 1190 2106 portenta
1212 2023 1339 2088 retexo.

463 2146 511 2211 Tu
535 2161 682 2230 qnoque,
707 2146 975 2228 magnaram,
999 2144 1104 2212 divini
1127 2147 1249 2212 Pastor
1270 2143 1387 2224 ovilia,

462 2268 587 2355 Accipe
617 2269 706 2356 quod
729 2269 824 2338 tenui
847 2269 963 2338 condit
985 2269 1156 2338 velamine
1179 2288 1296 2354 musa,

373 2397 417 2461 20
461 2396 620 2480 Quodque
643 2394 738 2462 dolor
759 2395 904 2481 promit;
928 2397 1014 2463 dura
1035 2414 1116 2464 nam
1138 2395 1300 2482 compede
1324 2393 1429 2462 vincti
1541 2373 1545 2379 ¹

462 2520 683 2605 stringimur,
706 2522 742 2589 et
764 2523 896 2607 septem
920 2520 989 2589 iam
1011 2539 1104 2588 nunc
1127 2521 1320 2590 labentibus
1339 2519 1441 2587 annis

463 2650 536 2716 Heu
560 2646 692 2713 miseri!
717 2664 856 2731 superos
879 2664 998 2732 pacem
1021 2647 1224 2733 veniamque
1248 2663 1434 2733 precamur.

464 2774 606 2860 auspice
628 2775 683 2855 te,
713 2775 831 2841 tamen
853 2772 997 2858 affulget
1017 2791 1095 2858 spes
1116 2773 1253 2840 vincula
1277 2771 1405 2857 rumpi,
1473 2837 1482 2856 ‚

462 2899 634 2967 Libertate
659 2897 723 2965 frui
754 2897 892 2966 tandem
923 2900 960 2968 et
979 2897 1107 2984 gestire
1139 2897 1320 2984 triumpho.

375 3027 418 3092 25
550 3025 635 3092 Urbs
657 3024 758 3092 Asiae
780 3025 901 3110 regina
923 3023 1003 3106 fuit,
1027 3022 1202 3108 Babylona
1224 3025 1378 3090 vetustos

463 3129 570 3233 Dixit,
595 3152 631 3217 et
652 3167 733 3218 eoas
755 3149 824 3217 late
847 3152 899 3218 est
921 3148 1097 3216 dominata
1119 3167 1181 3234 per
1203 3165 1296 3228 oras;

461 3272 620 3340 Cusiades
641 3273 788 3358 primum
810 3272 991 3357 Euphratis
1012 3289 1116 3358 prope
1140 3270 1240 3338 litora
1262 3269 1379 3354 magni

463 3395 637 3479 Condidit,
659 3394 801 3463 immani
824 3394 936 3462 luerat
958 3395 1016 3480 qui
1037 3413 1195 3480 corpore,
1229 3393 1322 3462 silvis

463 3523 626 3591 assuetus
655 3521 840 3608 validisque
864 3521 953 3589 feras
974 3522 1108 3607 agitare
1141 3521 1284 3606 sagittis.

375 3649 418 3715 30
464 3649 557 3725 Quae
580 3648 670 3716 celsa
691 3647 735 3715 ad
757 3647 890 3714 caelum
912 3647 1034 3714 insano
1056 3664 1092 3714 se
1115 3646 1234 3716 tollere
1258 3646 1335 3714 nisu

466 3775 556 3842 Ausa
576 3773 681 3842 Babel
702 3773 822 3855 turris,
845 3774 938 3844 fama
959 3775 1029 3858 est,
1052 3790 1096 3840 ea
1116 3773 1258 3840 nomina
1281 3770 1371 3841 iecit.

464 3901 597 3969 Dxtruit
619 3900 778 3984 ingentes
799 3901 923 3986 regina
946 3898 1141 3968 Semiramis
1163 3917 1269 3966 arces

462 4028 613 4100 Grandia
634 4029 799 4114 quadrata
822 4029 1008 4096 decurrunt
1030 4026 1167 4095 moenia
1190 4025 1321 4106 fronte,

463 4156 598 4226 Moenia
618 4169 706 4241 quae
729 4173 830 4224 senos
852 4155 994 4242 capiunt
1015 4153 1116 4221 simul
1138 4153 1257 4220 ordine
1281 4168 1419 4218 currus:

375 4281 419 4346 35
463 4281 585 4348 Mirum
607 4281 710 4368 opus!
735 4283 771 4349 et
793 4284 933 4349 centum
955 4282 1068 4366 postes
1090 4298 1134 4347 ex
1156 4296 1237 4346 aere
1260 4277 1430 4362 rigentes,

463 4407 506 4473 Et
529 4407 680 4500 plateae,
703 4410 886 4493 rectaeque
908 4407 1003 4488 viae,
1027 4423 1115 4492 quae
1137 4403 1264 4472 flumen
1287 4402 1437 4486 adusque

463 4534 558 4599 Inter
579 4551 615 4600 se
638 4551 758 4600 averso
780 4532 989 4617 respondent
1010 4531 1148 4600 tramite
1170 4531 1304 4600 sectae:
