3576 5376
789 603 910 662 ,vnum
1396 588 1461 653 403

362 729 434 796 Nec
457 730 590 797 taceam
612 731 669 810 te,
692 727 863 796 Francisci
887 726 1046 815 cupidate
1068 728 1213 812 Sodalis,

364 852 518 938 Angeia,
542 869 635 921 nunc
656 853 784 922 sanctis
806 870 942 922 recreas
962 852 1193 935 sermonibus,
1218 857 1254 922 et
1276 872 1369 923 nunc

362 977 538 1065 Abstergis
558 978 636 1046 divo
657 978 813 1064 patratas
833 976 1002 1063 sangnine
1025 977 1118 1046 labes
1144 975 1178 1039 19)
1196 999 1205 1044 :

225 1088 228 1094 ’
363 1104 516 1189 Namque
539 1104 666 1182 Deum,
691 1101 833 1186 Frater,
857 1099 957 1187 culpa
979 1100 1161 1171 offendisse
1183 1101 1334 1186 fatebor,

275 1226 319 1292 90
363 1228 409 1294 At
429 1228 523 1296 nullo
546 1227 713 1296 humanas
736 1225 861 1294 violavi
884 1226 1027 1294 crimine
1050 1225 1153 1312 leges.

363 1352 511 1420 Prodere
534 1369 617 1420 num
639 1349 743 1418 liccat
764 1349 887 1420 secreti
910 1349 1041 1418 credita
1062 1349 1171 1419 cordis

363 1474 476 1561 Atque
497 1493 626 1545 arcana
647 1474 763 1562 loquil
784 1474 972 1561 Nepomuci
994 1475 1164 1543 maximus
1185 1475 1292 1544 Herus

362 1598 511 1667 Fortiter
531 1600 705 1684 integram
728 1599 859 1667 mavult
881 1598 1057 1667 effundere
1081 1599 1187 1666 vitam
1212 1596 1271 1664 (¹⁰).

362 1723 474 1794 Debeo
498 1723 545 1790 nil
568 1723 653 1806 iuri,
677 1742 738 1792 cur
760 1723 846 1791 hacc
867 1740 922 1790 mc
947 1720 1084 1790 vincula
1104 1721 1304 1807 stringuntl

275 1847 320 1913 95
364 1846 494 1915 Iniusta
514 1865 576 1914 cur
597 1849 632 1914 vi
655 1848 784 1934 rapior,
807 1864 867 1915 cnr
889 1847 1044 1932 linquere
1066 1850 1211 1931 gnatos,

362 1973 451 2050 Quos
473 1971 556 2040 mihi
578 1970 698 2056 religio
721 1972 875 2057 peperit,
897 1971 1080 2057 sedemque
1103 1989 1262 2058 meosque

363 2095 475 2181 Cogor
488 2111 554 2181 ego
568 2094 582 2160 l
603 2095 672 2162 heu
686 2095 815 2163 moros!
832 2096 901 2162 hen
916 2093 1028 2162 tristia
1043 2094 1214 2181 tempora!
1232 2093 1297 2163 Sed
1312 2112 1400 2178 non,

361 2217 502 2300 Frater,
526 2235 580 2284 me
604 2236 682 2287 mea
702 2219 829 2286 damna
851 2219 1031 2304 premunt3
1054 2216 1169 2285 ahena
1190 2217 1305 2287 dolore

364 2345 536 2429 Torquent
557 2343 644 2412 heu!
670 2346 798 2430 quanto
820 2344 856 2411 et
878 2343 1103 2412 moestissima
1125 2347 1265 2430 pectora
1288 2346 1426 2413 vexant.

258 2471 320 2537 100
365 2470 443 2551 Vos,
466 2467 590 2538 Christi
613 2486 767 2555 sponsae,
790 2487 925 2537 sacrum
949 2487 1009 2538 vos
1030 2487 1149 2537 semen
1171 2469 1311 2556 ephebi,
1508 2441 1516 2460 ⁹

364 2595 519 2681 Vosque,
545 2594 758 2677 sacerdotem
781 2594 866 2662 heu!
890 2596 973 2681 quot
994 2593 1138 2681 suspiria
1160 2595 1260 2663 corde

364 2719 536 2802 Funditis,
560 2723 597 2787 et
617 2719 766 2787 lacrimis
788 2719 943 2786 vinctum
963 2719 1164 2804 gemituque
1186 2719 1292 2788 cietis

365 2845 431 2916 Sed
451 2847 572 2914 durate
596 2846 685 2914 boni.
709 2845 808 2913 Modo
831 2862 911 2912 nam
935 2841 1044 2930 qunm'
1061 2845 1198 2912 Davidis
1221 2845 1365 2930 hymnos

365 2970 603 3058 perlegerem,
628 2971 691 3038 hoc
715 2970 802 3039 forto
824 2969 992 3038 occurrit:
1017 2969 1079 3037 Pia
1101 2972 1182 3037 vota
1205 2970 1362 3038 misertus

258 3097 320 3164 105
364 3097 507 3184 Excepit
527 3097 709 3180 Dominus,
733 3097 866 3165 tristem
889 3096 1055 3165 laceravit
1076 3096 1260 3180 amictum,

365 3223 431 3289 Dat
451 3221 579 3290 laetam
601 3225 733 3289 vestem
756 3224 934 3309 mutatque
958 3224 996 3291 in
1018 3223 1144 3309 gaudia
1167 3225 1328 3291 montem.

365 3347 426 3414 Eia
447 3347 516 3414 Deo
536 3345 654 3432 grates
678 3342 739 3414 (¹¹).
762 3345 888 3414 Mensis
911 3366 1003 3416 nnnc
1025 3347 1174 3416 volvitur
1195 3346 1306 3415 almae

365 3471 564 3539 Parthenidi
586 3474 741 3554 sanctus3
765 3471 918 3557 Gargani
942 3475 1094 3540 monstra
1118 3474 1299 3541 recensent

364 3597 408 3663 Et
429 3614 522 3664 nnnc
542 3595 775 3678 Christiadae3
799 3597 943 3666 Michael
966 3597 1152 3665 descendet
1173 3599 1217 3665 ab
1239 3595 1331 3684 ulto,

259 3721 322 3788 110
366 3722 505 3791 Vinciet
527 3726 564 3790 et
585 3723 712 3806 Satan,
735 3723 862 3809 captivi
886 3726 922 3792 et
944 3723 1084 3792 vincula
1104 3724 1224 3792 solvet.

366 3849 414 3915 Tu
426 3866 559 3935 quoque
571 3865 666 3917 sume
677 3848 824 3932 animos,
837 3848 972 3932 Frater,
984 3867 1082 3918 mens
1093 3849 1246 3936 praescia
1256 3849 1328 3917 vati
1340 3851 1392 3918 est
1406 3844 1466 3915 (¹²).

1036 4074 1087 4110 OM!
1104 4075 1163 4110 ulls
1179 4073 1217 4110 ΔΙ.
1233 4073 1366 4110 immi-XIV.

706 4265 1020 4286 ΨΜΝΛΝΝΛΛΛΙΜ·

506 4389 517 4412 Ι

328 4447 363 4507 (1)
378 4447 409 4494 lx
426 4445 530 4494 mondus
545 4445 616 4493 min
632 4445 808 4505 nnccclmw,
820 4447 881 4494 desii
895 4449 975 4508 captim
986 4449 1021 4494 est
1032 4448 1139 4494 ducturo
1150 4446 1257 4493 militibus
1268 4447 1290 4494 in
1301 4459 1341 4492 sno
1352 4447 1457 4494 conclavi.

328 4529 363 4588 (2)
378 4528 455 4588 loseph
471 4527 573 4583 Booeinc,
589 4527 691 4574 sacerdos
706 4529 730 4575 ot
745 4527 835 4576 Auctorl
851 4541 865 4575 n
880 4529 978 4577 meua
997 4553 1025 4562 -
1047 4527 1140 4576 Sanctus
1158 4527 1342 4585 Prociochlsnlns,
1358 4527 1459 4575 mador

270 4609 294 4654 et
309 4607 399 4656 ductori
414 4607 600 4654 coeremoniarum
617 4607 728 4664 maletot.
