3472 5360
623 559 735 612 mana
758 559 891 612 sature
1302 540 1363 606 111

262 691 416 776 Purpura
436 703 498 772 per
519 685 612 754 vicos
633 701 750 772 sparsa
771 685 840 766 est,
864 683 955 752 cadit
977 683 1088 752 hostia
1110 681 1187 750 divo

262 811 369 880 Multa
389 808 580 891 incedenti,
604 808 826 896 redolentque
849 807 1029 895 vaporibus
1050 825 1148 876 arae:

261 936 304 1004 nt
324 933 479 1004 claustris
512 933 673 1000 lamntur
701 949 784 1001 aves
804 931 1018 1018 volitantque
1041 948 1206 1015 canorae3

154 1061 220 1127 620
265 1059 399 1128 Samine
420 1057 564 1145 patricio
586 1057 683 1144 pueri
705 1057 883 1144 lectaeque
905 1055 1040 1144 puellae

264 1185 481 1272 Prugnatae,
502 1183 633 1252 ducunt
652 1182 795 1251 choreas
816 1184 854 1250 et
875 1182 1024 1269 compita
1044 1183 1210 1269 spargunt

267 1309 433 1378 verbenis
453 1307 617 1394 violisque
639 1311 675 1375 et
696 1306 850 1394 puniceis
872 1306 1050 1376 lemniscis.

265 1435 319 1502 Sic
338 1435 426 1518 iter,
449 1451 489 1502 ac
511 1434 652 1502 tandem
674 1434 846 1502 reseratur
868 1432 1032 1519 Apollinis
1052 1433 1164 1502 aedes.

352 1557 417 1628 Sed
439 1558 530 1627 laete
552 1559 643 1628 Nero
659 1557 759 1626 corde
781 1559 891 1626 tumet
912 1558 1083 1644 gestitque
1105 1557 1296 1643 triumpho,

157 1687 222 1753 625
267 1687 317 1752 Ac
338 1683 401 1752 sibi
431 1681 567 1751 mortali
589 1681 698 1750 maior
731 1681 799 1749 iam
821 1683 911 1750 sorte
935 1681 1077 1750 videtur.

266 1808 353 1877 Hine
374 1808 481 1878 animi
502 1809 601 1876 sueta
622 1805 760 1894 paulum
784 1805 919 1874 feritate
941 1806 1102 1888 remissa,

266 1933 386 2021 Regali
408 1932 578 2001 accumbit
600 1948 725 2014 cenae,
749 1931 967 2018 thalamoque
989 1933 1132 2017 superbo

268 2058 461 2145 Excipitur:
495 2057 622 2126 circum
643 2055 745 2125 laeva
765 2055 951 2143 dextraque
975 2055 1171 2143 frequentes

267 2181 438 2251 Convivae
461 2180 644 2266 explentur
665 2180 807 2266 dapibus
828 2179 991 2266 donisque
1014 2180 1124 2265 lyaei,

162 2307 226 2373 130
270 2306 409 2393 Saepius
430 2309 466 2375 et
488 2322 613 2392 magno
640 2303 755 2371 divum
778 2305 925 2372 clamore
950 2305 1102 2372 salutant
1114 2323 1123 2386 ;

270 2433 330 2500 llle
353 2449 460 2500 novas
481 2431 601 2499 miscet
621 2432 778 2516 pateras,
801 2429 901 2497 simul
923 2430 1068 2516 impiger
1090 2429 1223 2513 haurit,

191 2565 194 2574 '
269 2558 473 2626 Procumbat
494 2557 601 2625 multo
624 2557 733 2624 donec
757 2553 964 2623 temulentus
986 2554 1113 2625 iaccho.

356 2683 420 2752 Sed
442 2685 569 2751 Romae
592 2682 649 2769 qui
673 2683 813 2750 Petrum
835 2680 910 2748 odio
932 2681 1145 2751 insectantur
1166 2683 1299 2769 iniquo,

271 2811 448 2879 Exacuunt
469 2810 557 2878 iram
581 2812 685 2895 atque
708 2808 878 2876 insontem
902 2809 1044 2894 perdere
1065 2811 1213 2878 tentant.

163 2939 226 3005 635
271 2937 361 3022 Ergo
382 2936 586 3022 Tigellinus,
610 2933 767 3002 fraudum
797 2933 997 3018 fabricator,
1020 2937 1056 3003 et
1078 2953 1148 3003 una

271 3061 387 3130 Aelius
407 3061 486 3144 ille,
509 3061 604 3128 necis
632 3060 863 3145 scelerumque
885 3059 1087 3128 vaferrimus
1119 3064 1258 3154 auctor,

270 3186 507 3268 Conveniunt,
542 3185 669 3272 primus
691 3184 802 3267 Simo,
826 3186 882 3271 qui
903 3185 1058 3271 germine
1081 3186 1194 3252 cretus

272 3313 416 3395 Iudmo,
438 3313 573 3380 tantum
595 3311 632 3379 in
654 3311 804 3396 Cepham
827 3314 1032 3397 conceperat
1057 3310 1194 3397 ignem,

270 3441 433 3525 Tempore
457 3454 522 3524 quo
543 3436 712 3505 samarita
741 3454 819 3504 suos
840 3435 1037 3505 cantamine
1057 3437 1151 3506 cives

165 3567 227 3631 610
271 3563 431 3632 Monstris
451 3562 589 3631 ludebat
610 3580 724 3629 rerum
745 3564 783 3630 et
805 3561 979 3630 fallacibus
1000 3561 1136 3630 umbris

271 3689 334 3757 seu
349 3689 460 3756 uetus
480 3685 619 3755 undem
641 3688 729 3774 petit
750 3686 842 3756 aruo
864 3687 1171 3772 menrasense,
1207 3663 1209 3666 ’

272 3815 402 3883 Deserit
423 3815 460 3882 et
481 3812 644 3900 patriam,
676 3813 748 3882 lata
769 3813 859 3881 haud
882 3813 1024 3883 meliora
1043 3819 1187 3884 secutus

215 3999 218 4004 .
273 3941 314 4008 Hi
338 3939 426 4009 turm
448 3940 540 4008 inter
560 3957 596 4008 se
619 3942 744 4008 coeunt
768 3939 1013 4028 tenebrosaque
1035 3945 1174 4010 versant

273 4067 439 4136 Consilia:
462 4067 530 4135 heu
551 4065 676 4135 stultae
698 4069 832 4135 mentes
852 4070 889 4136 et
909 4070 1051 4154 pectora
1070 4069 1193 4137 caeca!

171 4197 231 4262 1115
275 4195 455 4281 Nunquam
477 4211 634 4279 supremo
657 4193 708 4260 ias
729 4194 782 4260 est
803 4193 937 4261 obstare
960 4193 1116 4262 Tonanti.
