3564 5376
360 533 402 596 64
784 537 1044 589 urcuunnnrnos

466 671 516 736 En
536 670 627 735 astat
649 666 809 748 Michael,
833 666 932 733 dictis
952 665 1081 734 solatur
1102 665 1221 732 amicis

463 793 700 880 languentem
721 791 839 874 nimis,
862 791 1084 877 attritumque
1107 793 1144 858 et
1166 791 1274 860 multa
1296 792 1488 860 dolentem:

463 925 505 990 Et
528 919 693 988 memorat
714 919 880 1003 quantum
901 918 1071 986 humanae
1093 935 1191 986 sacra
1213 917 1352 986 victima
1371 919 1468 1004 genti

355 1051 421 1116 205
465 1045 637 1127 Proderit,
660 1045 696 1110 et
718 1043 816 1110 vacui
838 1042 1008 1127 completa
1028 1043 1146 1112 sedilia
1168 1043 1272 1127 caeli,

467 1171 607 1239 lusibus
628 1170 718 1235 unde
741 1169 808 1235 ruit
829 1185 992 1254 praeceps
1011 1169 1102 1254 legio
1124 1172 1203 1236 acta
1226 1168 1399 1249 nefandis,

464 1299 612 1366 Heroum
633 1312 743 1381 genus
771 1297 807 1362 et
829 1295 943 1380 partos
964 1293 1006 1363 de
1028 1297 1138 1362 morto
1161 1293 1348 1381 triumphos

465 1421 575 1506 Atque
597 1418 752 1486 homines
773 1417 883 1486 avidis
904 1419 1019 1502 raptos
1041 1433 1061 1484 8
1085 1417 1236 1486 saucibus
1257 1419 1374 1504 orci„

463 1545 713 1630 victricemque
735 1543 877 1611 Crucem
899 1543 980 1610 totis
1001 1541 1165 1628 effulgere
1187 1543 1312 1629 regnis

237 1696 246 1713 ·
353 1673 419 1738 210
549 1669 690 1738 Demum
712 1669 809 1734 sexta
830 1667 935 1735 oculis
957 1666 1073 1735 tabula
1094 1665 1363 1751 inspectantibus
1384 1665 1484 1732 ollert

462 1794 631 1862 Inclusum
654 1791 796 1876 Solymis
818 1792 958 1860 obscuro
981 1809 1117 1858 carcere
1140 1793 1289 1858 Petrum.

462 1919 596 1986 Palmas
618 1917 834 2002 obstringunt
855 1917 891 1983 et
914 1915 1025 1983 terrea
1047 1915 1183 1983 vincula
1206 1917 1359 2002 plantas,

462 2047 668 2128 teretesque
692 2042 781 2110 iores
801 2041 935 2110 alterno
958 2042 1065 2109 milite
1089 2043 1215 2109 circum
1265 2040 1271 2052 '

460 2169 621 2237 Custodes
643 2167 805 2251 vigilant:
828 2168 919 2236 altae
943 2171 1060 2234 tamen
1081 2167 1138 2234 1118
1163 2168 1266 2253 quieti

350 2298 416 2364 215
460 2297 607 2382 Corpora
629 2295 706 2376 dat;
729 2293 844 2362 nullae
866 2293 999 2379 placido
1021 2311 1102 2360 nam
1124 2296 1261 2380 pectore
1284 2311 1386 2361 curas

460 2423 615 2489 insontes
635 2419 788 2505 agitant:
811 2419 921 2486 subito
942 2417 1002 2485 lux
1024 2419 1149 2487 emicat
1171 2419 1302 2504 ingens

460 2546 609 2613 Advenit
630 2563 675 2612 en
698 2544 859 2628 Michael,
882 2545 1005 2613 summi
1027 2545 1082 2612 cui
1104 2561 1186 2614 cura
1207 2543 1360 2628 Magistri

458 2670 596 2739 Tradita
617 2668 858 2752 christiadum
880 2668 970 2738 latus
992 2668 1050 2738 olli
1071 2671 1235 2757 percutit,
1257 2669 1327 2736 alto

457 2797 593 2864 Excitat
615 2813 634 2862 e
656 2813 792 2880 somno,
817 2795 907 2864 sacili
929 2795 1007 2863 dein
1029 2813 1087 2864 ore
1110 2795 1280 2882 profatur:

347 2925 412 2990 220
455 2922 561 3008 Surge
583 2921 668 3005 olto,
691 2922 810 3003 Petro,
832 2923 946 2989 vestes
967 2923 1003 2988 81
1023 2921 1176 2988 sandalia
1197 2921 1313 3006 cinge;

456 3050 509 3116 Me
531 3065 690 3133 sequere:
714 3046 766 3112 his
787 3046 884 3114 dictis
906 3046 1034 3114 fractae
1058 3046 1209 3114 cecidere
1232 3050 1393 3126 catenae;

456 3176 550 3242 Ultro
572 3173 768 3260 panduntur
791 3177 926 3259 portae,
949 3173 1059 3259 praeit
1083 3173 1216 3257 Aliger;
1238 3173 1296 3240 ille

457 3305 551 3368 Pone
573 3299 680 3378 subit,
706 3299 791 3366 liber
813 3297 982 3382 graditur,
1007 3297 1190 3365 frustratur
1210 3297 1306 3364 inani

455 3427 519 3511 Spe
542 3423 700 3510 populus,
723 3423 865 3507 Solymis
887 3425 923 3490 et
944 3421 1053 3508 iniqui
1075 3423 1235 3508 principis
1257 3425 1359 3492 astus.

345 3553 410 3619 225
541 3552 723 3635 Postquam
745 3549 857 3616 mirati
880 3548 1028 3629 tabulas,
1053 3548 1220 3617 mirantur
1242 3551 1278 3616 et
1300 3567 1435 3617 omnem

453 3677 635 3760 Ingentem
659 3675 774 3760 templi
798 3675 937 3756 molem,
961 3675 1139 3760 pariusque
1161 3674 1336 3742 columnas

455 3801 497 3867 Et
519 3799 686 3867 musivum
709 3818 809 3885 opus,
832 3817 873 3867 ac
896 3799 994 3868 celsis
1015 3800 1229 3887 laquearibus
1251 3818 1382 3868 aurum.

454 3927 601 3993 Cernere
625 3926 701 3993 erat
723 3925 881 4011 populum
904 3925 985 3993 totis
1007 3927 1172 3995 effervere
1194 3927 1316 4013 portis,

452 4055 505 4120 Ire
527 4051 637 4118 redire
661 4053 769 4134 viam,
793 4055 829 4120 et
850 4053 1032 4122 scrutarier
1054 4053 1169 4122 omnia
1191 4056 1281 4121 visu:

344 4177 408 4243 230
451 4173 549 4241 Haud
571 4193 668 4242 secus
689 4175 819 4242 aestivo
842 4175 1002 4244 formicae
1024 4179 1177 4262 tempore
1199 4178 1332 4244 certant

452 4299 628 4368 Provisam
650 4318 800 4368 cererem
824 4302 992 4369 radicibus
1012 4302 1137 4370 abdere
1160 4320 1318 4388 quercus,

452 4427 689 4512 Approperant
710 4431 900 4512 coeuntque
923 4427 1013 4528 baud
1034 4447 1159 4513 segnes
1180 4429 1316 4512 agmine
1340 4427 1450 4510 longo.

452 4551 494 4619 Et
515 4551 647 4619 Calabri
670 4551 875 4634 adveniunt,
900 4557 936 4621 et
957 4553 1015 4638 qui
1037 4558 1096 4622 tua
1117 4554 1219 4622 litora
1240 4553 1406 4630 lustrant,
