3576 5376
778 548 891 599 vatata

339 680 412 745 Iam
441 675 531 743 dicto
554 675 653 743 eitius
684 675 789 760 portis
811 672 1040 760 bipatentibus
1063 691 1132 741 nna

252 801 297 868 90
340 797 536 866 Romulidas
557 815 656 865 ruere
678 797 847 883 aspiceres
869 796 1075 882 vigilumque
1099 795 1263 863 cobortes

301 1005 304 1014 Ι
339 925 414 992 Non
436 923 537 990 aliter
558 921 668 988 fluviis
691 921 928 1005 montanisque
952 919 1113 987 imbribus
1134 924 1273 990 auctus.

339 1047 528 1134 Aggeribus
550 1047 677 1133 ruptim
700 1047 871 1133 spumanti
893 1046 1029 1129 gurgite
1054 1048 1188 1114 torrens

339 1172 380 1238 nt
402 1173 478 1238 sata
501 1169 595 1237 laeta
615 1171 717 1237 boum
739 1167 883 1254 pingues
905 1167 1086 1253 populatur
1109 1173 1144 1236 ct
1167 1187 1277 1254 agros.

340 1294 382 1361 iit
400 1293 469 1362 iam
492 1293 678 1362 succedunt
701 1291 828 1377 templo
852 1291 1045 1377 mediosque
1068 1309 1129 1377 per
1151 1290 1249 1376 ignes
1299 1316 1300 1320 ¹

253 1421 296 1488 95
340 1418 498 1488 insiliunt
520 1419 678 1500 iuvenes,
700 1415 796 1484 solidi
821 1416 940 1502 quibus
962 1415 1098 1500 integer
1119 1415 1194 1483 aevi

339 1545 371 1610 It
392 1541 548 1625 sanguis,
572 1540 739 1625 durosque
762 1539 857 1605 iuvat
881 1537 1031 1623 perterre
1056 1538 1187 1606 labores

338 1669 380 1733 Et
402 1685 500 1734 casus
521 1665 674 1746 tentare;
698 1663 820 1731 necin
843 1661 1036 1729 discrimine
1059 1665 1158 1730 tanto

338 1785 446 1854 Corda
468 1773 577 1872 quatit
599 1784 775 1870 trepidans
797 1800 903 1870 pavor
925 1785 961 1851 et
984 1784 1042 1850 via
1064 1784 1210 1870 plurima
1231 1783 1301 1854 leti.
1365 1771 1368 1792 '

339 1909 503 1977 Nituntur
524 1907 622 1976 scalis
644 1905 722 1990 alii,
746 1923 874 1992 perque
894 1903 1002 1972 ardua
1024 1905 1136 1974 tontes

230 2035 293 2101 100
337 2034 514 2118 inficiunt,
539 2034 646 2103 Tibris
668 2032 767 2118 pleno
790 2049 872 2117 quos
894 2030 1018 2100 sufficit
1040 2031 1156 2113 alve03

337 2156 441 2241 Signa
462 2156 521 2224 alii
542 2159 578 2225 et
600 2155 733 2223 tabidas
756 2153 893 2241 (templi
915 2154 1050 2238 quando
1071 2154 1192 2222 ultima
1214 2155 1379 2241 cernunt)

337 2280 528 2349 Vorticibus
550 2279 705 2346 flammae
730 2278 878 2364 eripiunt
901 2278 1111 2364 multumque
1134 2281 1313 2364 gementes

338 2404 422 2472 Sede
445 2405 561 2473 locant
584 2406 668 2471 tuta.
692 2402 852 2488 collapsis
873 2403 1022 2489 undique
1047 2405 1146 2472 tectis

337 2530 496 2599 Consedit
518 2530 639 2598 cedrus
660 2529 696 2595 in
718 2529 869 2611 cineres,
892 2527 1045 2598 cecidere
1066 2530 1246 2598 columnae

232 2659 294 2725 105
338 2659 525 2740 Immunes,
549 2660 670 2724 tenues
691 2654 823 2740 rapitur
844 2655 939 2722 labor
960 2655 1070 2722 omnis
1092 2657 1128 2723 in
1151 2674 1268 2738 auras,

338 2783 380 2849 Et
401 2781 531 2848 nullum
552 2779 715 2848 auxilium
757 2797 821 2847 nec
842 2798 918 2865 spes
939 2780 1040 2848 datur
1060 2782 1205 2868 amplius
1225 2782 1311 2864 ulla;

338 2909 430 2975 Haec
451 2907 543 2973 inter
565 2909 709 2991 Tempus
730 2907 867 2974 vivaces
888 2905 1018 2973 excitat
1039 2906 1138 2992 ignes

337 3031 516 3099 Insultans.
541 3029 667 3117 Ecquid
690 3048 780 3099 vano
803 3031 967 3098 bacchare
990 3031 1183 3119 triumpho?

336 3157 488 3239 Namque
510 3155 591 3240 ipsis
613 3153 743 3224 maiora
764 3154 900 3222 attollet
922 3153 1178 3241 temptaminis

231 3279 292 3344 110
337 3277 502 3346 Maximus
523 3277 580 3345 ille
604 3279 689 3362 Leo,
712 3297 734 3346 a
756 3279 887 3364 superis
908 3277 963 3345 cui
986 3277 1115 3346 credita
1137 3297 1219 3346 cura
1242 3283 1294 3348 est

337 3402 477 3488 Sceptra
498 3403 655 3487 deosque
677 3403 737 3470 Dei
758 3419 896 3487 gerere,
919 3404 956 3469 et
978 3421 1043 3488 quo
1066 3404 1218 3489 praeside
1242 3422 1373 3474 summo

339 3530 452 3596 Aurea
474 3526 563 3597 felici
585 3525 747 3595 labuntur
769 3527 905 3597 saecula
927 3529 1062 3596 mundo.
