<?xml version="1.0" encoding="UTF-8"?>
<!DOCTYPE html PUBLIC "-//W3C//DTD XHTML 1.0 Transitional//EN"
    "http://www.w3.org/TR/xhtml1/DTD/xhtml1-transitional.dtd">
<html xmlns="http://www.w3.org/1999/xhtml" xml:lang="en" lang="en">
 <head>
  <title>
</title>
<meta http-equiv="Content-Type" content="text/html;charset=utf-8" />
  <meta name='ocr-system' content='tesseract 3.04.00' />
  <meta name='ocr-capabilities' content='ocr_page ocr_carea ocr_par ocr_line ocrx_word'/>
</head>
<body>
  <div class='ocr_page' id='page_1' title='image "./carmina00morigoog_0393.png"; bbox 0 0 3576 5376; ppageno 0'>
   <div class='ocr_carea' id='block_1_1' title="bbox 660 755 1050 839">
    <p class='ocr_par' dir='ltr' id='par_1_1' title="bbox 660 755 1050 839">
     <span class='ocr_line' id='line_1_1' title="bbox 660 755 1050 839; baseline 0.003 -20"><span class='ocrx_word' id='word_1_1' title='bbox 660 755 925 839; x_wconf 79' lang='lat' dir='ltr'><strong>Epistola</strong></span> <span class='ocrx_word' id='word_1_2' title='bbox 956 755 1050 820; x_wconf 92' lang='lat'><strong>111</strong></span> 
     </span>
    </p>
   </div>
   <div class='ocr_carea' id='block_1_2' title="bbox 464 1031 1234 1208">
    <p class='ocr_par' dir='ltr' id='par_1_2' title="bbox 464 1031 1234 1208">
     <span class='ocr_line' id='line_1_2' title="bbox 604 1031 1096 1082; baseline -0.002 -1"><span class='ocrx_word' id='word_1_3' title='bbox 604 1032 651 1081; x_wconf 79' lang='grc' dir='ltr'><strong>ΑΙ)</strong></span> <span class='ocrx_word' id='word_1_4' title='bbox 682 1032 871 1082; x_wconf 73' lang='lat' dir='ltr'>ANTONIVM</span> <span class='ocrx_word' id='word_1_5' title='bbox 905 1031 1096 1082; x_wconf 70' lang='lat' dir='ltr'><strong>zhnor‘rvm</strong></span> 
     </span>
     <span class='ocr_line' id='line_1_3' title="bbox 464 1155 1234 1208; baseline 0.001 -3"><span class='ocrx_word' id='word_1_6' title='bbox 464 1155 664 1207; x_wconf 75' lang='lat' dir='ltr'><strong>Rflhroitsm</strong></span> <span class='ocrx_word' id='word_1_7' title='bbox 687 1159 725 1208; x_wconf 88' lang='lat' dir='ltr'><strong>IN</strong></span> <span class='ocrx_word' id='word_1_8' title='bbox 749 1157 860 1208; x_wconf 66' lang='lat' dir='ltr'><strong>sicko</strong></span> <span class='ocrx_word' id='word_1_9' title='bbox 887 1157 1086 1208; x_wconf 70' lang='lat' dir='ltr'><strong>summulam</strong></span> <span class='ocrx_word' id='word_1_10' title='bbox 1105 1155 1234 1208; x_wconf 69' lang='lat' dir='ltr'><strong>ausimo</strong></span> 
     </span>
    </p>
   </div>
   <div class='ocr_carea' id='block_1_3' title="bbox 765 1410 933 1420">
    <p class='ocr_par' dir='ltr' id='par_1_3' title="bbox 765 1410 933 1420">
     <span class='ocr_line' id='line_1_4' title="bbox 765 1410 933 1420; baseline -0.012 0"><span class='ocrx_word' id='word_1_11' title='bbox 765 1410 933 1420; x_wconf 72' lang='lat'>——-—</span> 
     </span>
    </p>
   </div>
   <div class='ocr_carea' id='block_1_4' title="bbox 286 1853 1292 2721">
    <p class='ocr_par' dir='ltr' id='par_1_4' title="bbox 286 1853 1292 2721">
     <span class='ocr_line' id='line_1_5' title="bbox 442 1853 1289 1971; baseline 0.001 -20"><span class='ocrx_word' id='word_1_12' title='bbox 442 1853 601 1970; x_wconf 84' lang='lat' dir='ltr'><strong>Antiquis</strong></span> <span class='ocrx_word' id='word_1_13' title='bbox 623 1885 790 1971; x_wconf 82' lang='lat' dir='ltr'><strong>quaedam</strong></span> <span class='ocrx_word' id='word_1_14' title='bbox 812 1885 889 1970; x_wconf 90' lang='lat' dir='ltr'><strong>lyra</strong></span> <span class='ocrx_word' id='word_1_15' title='bbox 911 1903 981 1954; x_wconf 93' lang='lat' dir='ltr'><strong>non</strong></span> <span class='ocrx_word' id='word_1_16' title='bbox 1004 1883 1122 1953; x_wconf 86' lang='lat' dir='ltr'><strong>audita</strong></span> <span class='ocrx_word' id='word_1_17' title='bbox 1142 1885 1289 1965; x_wconf 87' lang='lat' dir='ltr'><strong>Latinis,</strong></span> 
     </span>
     <span class='ocr_line' id='line_1_6' title="bbox 353 2005 1246 2092; baseline 0.002 -19"><span class='ocrx_word' id='word_1_18' title='bbox 353 2005 462 2082; x_wconf 87' lang='lat' dir='ltr'><strong>Quam</strong></span> <span class='ocrx_word' id='word_1_19' title='bbox 484 2009 592 2076; x_wconf 81' lang='lat' dir='ltr'><strong>nostri</strong></span> <span class='ocrx_word' id='word_1_20' title='bbox 614 2026 637 2076; x_wconf 92' lang='lat' dir='ltr'><strong>a</strong></span> <span class='ocrx_word' id='word_1_21' title='bbox 659 2009 749 2077; x_wconf 82' lang='lat' dir='ltr'><strong>viola</strong></span> <span class='ocrx_word' id='word_1_22' title='bbox 771 2011 923 2078; x_wconf 86' lang='lat' dir='ltr'><strong>mercato</strong></span> <span class='ocrx_word' id='word_1_23' title='bbox 946 2009 1086 2076; x_wconf 90' lang='lat' dir='ltr'><strong>nomine</strong></span> <span class='ocrx_word' id='word_1_24' title='bbox 1108 2009 1246 2092; x_wconf 90' lang='lat' dir='ltr'><strong>dicunt,</strong></span> 
     </span>
     <span class='ocr_line' id='line_1_7' title="bbox 352 2131 1258 2221; baseline 0.004 -24"><span class='ocrx_word' id='word_1_25' title='bbox 352 2132 424 2197; x_wconf 88' lang='lat' dir='ltr'><strong>lam</strong></span> <span class='ocrx_word' id='word_1_26' title='bbox 446 2131 591 2218; x_wconf 83' lang='lat' dir='ltr'><strong>placuit,</strong></span> <span class='ocrx_word' id='word_1_27' title='bbox 615 2133 775 2216; x_wconf 89' lang='lat' dir='ltr'><strong>Zanotte,</strong></span> <span class='ocrx_word' id='word_1_28' title='bbox 799 2136 896 2202; x_wconf 84' lang='lat' dir='ltr'><strong>aetas</strong></span> <span class='ocrx_word' id='word_1_29' title='bbox 918 2151 1021 2221; x_wconf 90' lang='lat' dir='ltr'><strong>quum</strong></span> <span class='ocrx_word' id='word_1_30' title='bbox 1044 2133 1156 2201; x_wconf 91' lang='lat' dir='ltr'><strong>iunior</strong></span> <span class='ocrx_word' id='word_1_31' title='bbox 1177 2133 1258 2216; x_wconf 90' lang='lat' dir='ltr'><strong>iret,</strong></span> 
     </span>
     <span class='ocr_line' id='line_1_8' title="bbox 352 2259 1292 2347; baseline 0.003 -22"><span class='ocrx_word' id='word_1_32' title='bbox 352 2259 518 2346; x_wconf 82' lang='lat' dir='ltr'><strong>Tempore</strong></span> <span class='ocrx_word' id='word_1_33' title='bbox 541 2279 607 2346; x_wconf 90' lang='lat' dir='ltr'><strong>quo</strong></span> <span class='ocrx_word' id='word_1_34' title='bbox 629 2261 733 2328; x_wconf 88' lang='lat' dir='ltr'><strong>musis</strong></span> <span class='ocrx_word' id='word_1_35' title='bbox 753 2260 869 2328; x_wconf 83' lang='lat' dir='ltr'><strong>alacer</strong></span> <span class='ocrx_word' id='word_1_36' title='bbox 891 2278 969 2329; x_wconf 88' lang='lat' dir='ltr'><strong>mea</strong></span> <span class='ocrx_word' id='word_1_37' title='bbox 991 2263 1072 2328; x_wconf 88' lang='lat' dir='ltr'><strong>vota</strong></span> <span class='ocrx_word' id='word_1_38' title='bbox 1094 2260 1292 2347; x_wconf 84' lang='lat' dir='ltr'><strong>frequenter</strong></span> 
     </span>
     <span class='ocr_line' id='line_1_9' title="bbox 286 2383 1271 2469; baseline 0.005 -20"><span class='ocrx_word' id='word_1_39' title='bbox 286 2383 308 2449; x_wconf 90' lang='lat'>5</span> <span class='ocrx_word' id='word_1_40' title='bbox 351 2383 417 2452; x_wconf 90' lang='lat' dir='ltr'><strong>Seu</strong></span> <span class='ocrx_word' id='word_1_41' title='bbox 439 2386 566 2454; x_wconf 87' lang='lat' dir='ltr'><strong>veteris</strong></span> <span class='ocrx_word' id='word_1_42' title='bbox 587 2387 697 2469; x_wconf 87' lang='lat' dir='ltr'><strong>Latii,</strong></span> <span class='ocrx_word' id='word_1_43' title='bbox 720 2386 834 2453; x_wconf 85' lang='lat' dir='ltr'><strong>italico</strong></span> <span class='ocrx_word' id='word_1_44' title='bbox 858 2390 918 2454; x_wconf 89' lang='lat' dir='ltr'><strong>aut</strong></span> <span class='ocrx_word' id='word_1_45' title='bbox 940 2405 1096 2456; x_wconf 85' lang='lat' dir='ltr'><strong>sermone</strong></span> <span class='ocrx_word' id='word_1_46' title='bbox 1120 2386 1271 2456; x_wconf 80' lang='lat' dir='ltr'><strong>litabam.</strong></span> 
     </span>
     <span class='ocr_line' id='line_1_10' title="bbox 352 2505 1251 2583; baseline 0.004 -9"><span class='ocrx_word' id='word_1_47' title='bbox 352 2505 461 2583; x_wconf 86' lang='lat' dir='ltr'><strong>Quam</strong></span> <span class='ocrx_word' id='word_1_48' title='bbox 483 2509 678 2578; x_wconf 76' lang='lat' dir='ltr'><strong>meminisse</strong></span> <span class='ocrx_word' id='word_1_49' title='bbox 700 2509 797 2577; x_wconf 86' lang='lat' dir='ltr'><strong>iuvat</strong></span> <span class='ocrx_word' id='word_1_50' title='bbox 818 2509 916 2578; x_wconf 90' lang='lat' dir='ltr'><strong>lectis</strong></span> <span class='ocrx_word' id='word_1_51' title='bbox 937 2510 1112 2579; x_wconf 87' lang='lat' dir='ltr'><strong>immixtus</strong></span> <span class='ocrx_word' id='word_1_52' title='bbox 1134 2511 1251 2578; x_wconf 86' lang='lat' dir='ltr'><strong>amicis</strong></span> 
     </span>
     <span class='ocr_line' id='line_1_11' title="bbox 353 2630 1275 2721; baseline 0.005 -25"><span class='ocrx_word' id='word_1_53' title='bbox 353 2630 506 2700; x_wconf 84' lang='lat' dir='ltr'><strong>Tendere</strong></span> <span class='ocrx_word' id='word_1_54' title='bbox 529 2633 695 2720; x_wconf 90' lang='lat' dir='ltr'><strong>principio</strong></span> <span class='ocrx_word' id='word_1_55' title='bbox 716 2633 909 2721; x_wconf 86' lang='lat' dir='ltr'><strong>sensimque</strong></span> <span class='ocrx_word' id='word_1_56' title='bbox 932 2634 1109 2703; x_wconf 74' lang='lat' dir='ltr'><strong>remittere</strong></span> <span class='ocrx_word' id='word_1_57' title='bbox 1131 2634 1275 2714; x_wconf 81' lang='lat' dir='ltr'><strong>chordas</strong></span> 
     </span>
    </p>
   </div>
   <div class='ocr_carea' id='block_1_5' title="bbox 263 2758 1379 4604">
    <p class='ocr_par' dir='ltr' id='par_1_5' title="bbox 352 2758 1359 2972">
     <span class='ocr_line' id='line_1_12' title="bbox 352 2758 1286 2844; baseline 0.003 -21"><span class='ocrx_word' id='word_1_58' title='bbox 352 2758 496 2824; x_wconf 81' lang='lat' dir='ltr'><strong>Auribus</strong></span> <span class='ocrx_word' id='word_1_59' title='bbox 517 2759 676 2842; x_wconf 89' lang='lat' dir='ltr'><strong>arrectis,</strong></span> <span class='ocrx_word' id='word_1_60' title='bbox 698 2758 903 2844; x_wconf 82' lang='lat' dir='ltr'><strong>symphonia</strong></span> <span class='ocrx_word' id='word_1_61' title='bbox 925 2758 1047 2827; x_wconf 89' lang='lat' dir='ltr'><strong>reddat</strong></span> <span class='ocrx_word' id='word_1_62' title='bbox 1068 2761 1112 2827; x_wconf 89' lang='lat' dir='ltr'><strong>ad</strong></span> <span class='ocrx_word' id='word_1_63' title='bbox 1135 2777 1286 2844; x_wconf 90' lang='lat' dir='ltr'><strong>unguem</strong></span> 
     </span>
     <span class='ocr_line' id='line_1_13' title="bbox 352 2882 1359 2972; baseline 0.002 -22"><span class='ocrx_word' id='word_1_64' title='bbox 352 2882 561 2952; x_wconf 85' lang='lat' dir='ltr'><strong>Concordem</strong></span> <span class='ocrx_word' id='word_1_65' title='bbox 584 2887 621 2952; x_wconf 90' lang='lat' dir='ltr'><strong>ut</strong></span> <span class='ocrx_word' id='word_1_66' title='bbox 643 2884 811 2966; x_wconf 90' lang='lat' dir='ltr'><strong>sonitum;</strong></span> <span class='ocrx_word' id='word_1_67' title='bbox 834 2902 996 2952; x_wconf 87' lang='lat' dir='ltr'><strong>mensura</strong></span> <span class='ocrx_word' id='word_1_68' title='bbox 1017 2885 1073 2954; x_wconf 92' lang='lat' dir='ltr'><strong>hic</strong></span> <span class='ocrx_word' id='word_1_69' title='bbox 1094 2884 1237 2972; x_wconf 91' lang='lat' dir='ltr'><strong>prodere</strong></span> <span class='ocrx_word' id='word_1_70' title='bbox 1262 2888 1359 2952; x_wconf 91' lang='lat' dir='ltr'><strong>certa</strong></span> 
     </span>
    </p>

    <p class='ocr_par' dir='ltr' id='par_1_6' title="bbox 268 3007 1294 3096">
     <span class='ocr_line' id='line_1_14' title="bbox 268 3007 1294 3096; baseline 0.003 -23"><span class='ocrx_word' id='word_1_71' title='bbox 268 3007 309 3073; x_wconf 90' lang='lat'><strong>10</strong></span> <span class='ocrx_word' id='word_1_72' title='bbox 352 3008 419 3076; x_wconf 90' lang='lat' dir='ltr'><strong>Seu</strong></span> <span class='ocrx_word' id='word_1_73' title='bbox 441 3027 529 3095; x_wconf 88' lang='lat' dir='ltr'><strong>quae</strong></span> <span class='ocrx_word' id='word_1_74' title='bbox 552 3012 718 3078; x_wconf 86' lang='lat' dir='ltr'><strong>Mozartus</strong></span> <span class='ocrx_word' id='word_1_75' title='bbox 739 3028 800 3078; x_wconf 88' lang='lat' dir='ltr'><strong>seu</strong></span> <span class='ocrx_word' id='word_1_76' title='bbox 823 3028 911 3096; x_wconf 89' lang='lat' dir='ltr'><strong>quae</strong></span> <span class='ocrx_word' id='word_1_77' title='bbox 934 3009 1111 3096; x_wconf 88' lang='lat' dir='ltr'><strong>descripsit</strong></span> <span class='ocrx_word' id='word_1_78' title='bbox 1131 3011 1294 3095; x_wconf 89' lang='lat' dir='ltr'><strong>Hayden,</strong></span> 
     </span>
    </p>

    <p class='ocr_par' dir='ltr' id='par_1_7' title="bbox 351 3138 1233 3488">
     <span class='ocr_line' id='line_1_15' title="bbox 352 3138 1176 3225; baseline 0.004 -21"><span class='ocrx_word' id='word_1_79' title='bbox 352 3138 497 3206; x_wconf 89' lang='lat' dir='ltr'><strong>Lumina</strong></span> <span class='ocrx_word' id='word_1_80' title='bbox 519 3139 681 3206; x_wconf 86' lang='lat' dir='ltr'><strong>Germani</strong></span> <span class='ocrx_word' id='word_1_81' title='bbox 704 3140 845 3223; x_wconf 84' lang='lat' dir='ltr'><strong>cantus,</strong></span> <span class='ocrx_word' id='word_1_82' title='bbox 869 3157 1022 3225; x_wconf 87' lang='lat' dir='ltr'><strong>aevoque</strong></span> <span class='ocrx_word' id='word_1_83' title='bbox 1046 3139 1176 3207; x_wconf 83' lang='lat' dir='ltr'><strong>recent&#39;</strong></span> 
     </span>
     <span class='ocr_line' id='line_1_16' title="bbox 352 3263 1178 3349; baseline 0.004 -20"><span class='ocrx_word' id='word_1_84' title='bbox 352 3263 519 3349; x_wconf 89' lang='lat' dir='ltr'><strong>Behinus,</strong></span> <span class='ocrx_word' id='word_1_85' title='bbox 542 3265 754 3348; x_wconf 86' lang='lat' dir='ltr'><strong>Donizettus,</strong></span> <span class='ocrx_word' id='word_1_86' title='bbox 778 3265 939 3332; x_wconf 85' lang='lat' dir='ltr'><strong>Rossinus</strong></span> <span class='ocrx_word' id='word_1_87' title='bbox 960 3266 995 3332; x_wconf 91' lang='lat' dir='ltr'><strong>et</strong></span> <span class='ocrx_word' id='word_1_88' title='bbox 1018 3264 1095 3349; x_wconf 90' lang='lat' dir='ltr'><strong>ille,</strong></span> <span class='ocrx_word' id='word_1_89' title='bbox 1176 3299 1178 3304; x_wconf 96' lang='lat'>·</span> 
     </span>
     <span class='ocr_line' id='line_1_17' title="bbox 351 3389 1233 3488; baseline -0.001 -31"><span class='ocrx_word' id='word_1_90' title='bbox 351 3389 511 3457; x_wconf 84' lang='lat' dir='ltr'><strong>Carmina</strong></span> <span class='ocrx_word' id='word_1_91' title='bbox 532 3390 650 3458; x_wconf 84' lang='lat' dir='ltr'><strong>nativo</strong></span> <span class='ocrx_word' id='word_1_92' title='bbox 672 3392 828 3488; x_wconf 82' lang='lat' dir='ltr'><strong>nostrum</strong></span> <span class='ocrx_word' id='word_1_93' title='bbox 850 3408 951 3475; x_wconf 85' lang='lat' dir='ltr'><strong>mage</strong></span> <span class='ocrx_word' id='word_1_94' title='bbox 973 3392 1076 3476; x_wconf 86' lang='lat' dir='ltr'><strong>grata</strong></span> <span class='ocrx_word' id='word_1_95' title='bbox 1097 3389 1233 3477; x_wconf 89' lang='lat' dir='ltr'><strong>palato:</strong></span> 
     </span>
    </p>

    <p class='ocr_par' dir='ltr' id='par_1_8' title="bbox 351 3511 1234 3598">
     <span class='ocr_line' id='line_1_18' title="bbox 351 3511 1234 3598; baseline 0.001 -20"><span class='ocrx_word' id='word_1_96' title='bbox 351 3513 394 3578; x_wconf 84' lang='lat' dir='ltr'><strong>Et</strong></span> <span class='ocrx_word' id='word_1_97' title='bbox 415 3511 535 3580; x_wconf 89' lang='lat' dir='ltr'><strong>laevae</strong></span> <span class='ocrx_word' id='word_1_98' title='bbox 557 3512 672 3597; x_wconf 84' lang='lat' dir='ltr'><strong>digitis</strong></span> <span class='ocrx_word' id='word_1_99' title='bbox 694 3511 830 3598; x_wconf 88' lang='lat' dir='ltr'><strong>rapidas</strong></span> <span class='ocrx_word' id='word_1_100' title='bbox 851 3529 1050 3598; x_wconf 89' lang='lat' dir='ltr'><strong>percurrere</strong></span> <span class='ocrx_word' id='word_1_101' title='bbox 1073 3512 1234 3596; x_wconf 85' lang='lat' dir='ltr'><strong>chordas,</strong></span> 
     </span>
    </p>

    <p class='ocr_par' dir='ltr' id='par_1_9' title="bbox 267 3636 1379 4083">
     <span class='ocr_line' id='line_1_19' title="bbox 267 3636 1376 3723; baseline 0.002 -21"><span class='ocrx_word' id='word_1_102' title='bbox 267 3637 307 3703; x_wconf 84' lang='lat'><strong>15</strong></span> <span class='ocrx_word' id='word_1_103' title='bbox 351 3638 436 3705; x_wconf 90' lang='lat' dir='ltr'><strong>Dum</strong></span> <span class='ocrx_word' id='word_1_104' title='bbox 458 3637 588 3705; x_wconf 92' lang='lat' dir='ltr'><strong>crinale</strong></span> <span class='ocrx_word' id='word_1_105' title='bbox 609 3637 721 3723; x_wconf 89' lang='lat' dir='ltr'><strong>agitat</strong></span> <span class='ocrx_word' id='word_1_106' title='bbox 745 3637 831 3706; x_wconf 90' lang='lat' dir='ltr'><strong>bene</strong></span> <span class='ocrx_word' id='word_1_107' title='bbox 853 3636 1003 3722; x_wconf 85' lang='lat' dir='ltr'><strong>gliscens</strong></span> <span class='ocrx_word' id='word_1_108' title='bbox 1024 3637 1169 3706; x_wconf 85' lang='lat' dir='ltr'><strong>dextera</strong></span> <span class='ocrx_word' id='word_1_109' title='bbox 1189 3637 1376 3723; x_wconf 85' lang='lat' dir='ltr'><strong>plectrum3</strong></span> 
     </span>
     <span class='ocr_line' id='line_1_20' title="bbox 351 3757 1379 3847; baseline 0.001 -19"><span class='ocrx_word' id='word_1_110' title='bbox 351 3757 500 3828; x_wconf 84' lang='lat' dir='ltr'><strong>Methuui</strong></span> <span class='ocrx_word' id='word_1_111' title='bbox 522 3759 603 3828; x_wconf 92' lang='lat' dir='ltr'><strong>hinc</strong></span> <span class='ocrx_word' id='word_1_112' title='bbox 625 3762 756 3828; x_wconf 89' lang='lat' dir='ltr'><strong>sonitus</strong></span> <span class='ocrx_word' id='word_1_113' title='bbox 778 3760 940 3846; x_wconf 87' lang='lat' dir='ltr'><strong>lenesque</strong></span> <span class='ocrx_word' id='word_1_114' title='bbox 962 3778 1154 3847; x_wconf 86' lang='lat' dir='ltr'><strong>gravesque</strong></span> <span class='ocrx_word' id='word_1_115' title='bbox 1179 3762 1379 3844; x_wconf 89' lang='lat' dir='ltr'><strong>trahuntur;</strong></span> 
     </span>
     <span class='ocr_line' id='line_1_21' title="bbox 351 3885 1355 3972; baseline 0.001 -18"><span class='ocrx_word' id='word_1_116' title='bbox 351 3885 493 3970; x_wconf 79' lang='lat' dir='ltr'><strong>Singula</strong></span> <span class='ocrx_word' id='word_1_117' title='bbox 514 3903 607 3952; x_wconf 91' lang='lat' dir='ltr'><strong>nunc</strong></span> <span class='ocrx_word' id='word_1_118' title='bbox 630 3904 715 3968; x_wconf 84' lang='lat' dir='ltr'><strong>vox,</strong></span> <span class='ocrx_word' id='word_1_119' title='bbox 737 3903 830 3952; x_wconf 92' lang='lat' dir='ltr'><strong>nunc</strong></span> <span class='ocrx_word' id='word_1_120' title='bbox 853 3887 1000 3972; x_wconf 87' lang='lat' dir='ltr'><strong>quatuor</strong></span> <span class='ocrx_word' id='word_1_121' title='bbox 1022 3886 1189 3955; x_wconf 90' lang='lat' dir='ltr'><strong>discordia</strong></span> <span class='ocrx_word' id='word_1_122' title='bbox 1212 3906 1355 3956; x_wconf 87' lang='lat' dir='ltr'><strong>concors</strong></span> 
     </span>
     <span class='ocr_line' id='line_1_22' title="bbox 350 4011 1234 4083; baseline 0.001 -2"><span class='ocrx_word' id='word_1_123' title='bbox 350 4011 560 4081; x_wconf 83' lang='lat' dir='ltr'><strong>chordarum</strong></span> <span class='ocrx_word' id='word_1_124' title='bbox 581 4012 736 4082; x_wconf 80' lang='lat' dir='ltr'><strong>intentas</strong></span> <span class='ocrx_word' id='word_1_125' title='bbox 756 4013 928 4082; x_wconf 90' lang='lat' dir='ltr'><strong>demulcet</strong></span> <span class='ocrx_word' id='word_1_126' title='bbox 949 4015 1102 4082; x_wconf 84' lang='lat' dir='ltr'><strong>suaviter</strong></span> <span class='ocrx_word' id='word_1_127' title='bbox 1124 4033 1234 4083; x_wconf 90' lang='lat' dir='ltr'><strong>aures.</strong></span> 
     </span>
    </p>

    <p class='ocr_par' dir='ltr' id='par_1_10' title="bbox 351 4138 1180 4227">
     <span class='ocr_line' id='line_1_23' title="bbox 351 4138 1180 4227; baseline 0 -19"><span class='ocrx_word' id='word_1_128' title='bbox 351 4139 437 4216; x_wconf 89' lang='lat' dir='ltr'><strong>Quid</strong></span> <span class='ocrx_word' id='word_1_129' title='bbox 458 4138 591 4208; x_wconf 84' lang='lat' dir='ltr'><strong>dicamt</strong></span> <span class='ocrx_word' id='word_1_130' title='bbox 614 4141 764 4208; x_wconf 89' lang='lat' dir='ltr'><strong>tractare</strong></span> <span class='ocrx_word' id='word_1_131' title='bbox 787 4141 875 4208; x_wconf 87' lang='lat' dir='ltr'><strong>hono</strong></span> <span class='ocrx_word' id='word_1_132' title='bbox 897 4140 956 4207; x_wconf 86' lang='lat' dir='ltr'><strong>vix</strong></span> <span class='ocrx_word' id='word_1_133' title='bbox 978 4140 1060 4208; x_wconf 89' lang='lat' dir='ltr'><strong>alite</strong></span> <span class='ocrx_word' id='word_1_134' title='bbox 1084 4141 1180 4227; x_wconf 90' lang='lat' dir='ltr'><strong>coepi</strong></span> 
     </span>
    </p>

    <p class='ocr_par' dir='ltr' id='par_1_11' title="bbox 263 4263 1360 4604">
     <span class='ocr_line' id='line_1_24' title="bbox 263 4263 1168 4352; baseline 0.001 -21"><span class='ocrx_word' id='word_1_135' title='bbox 263 4265 308 4331; x_wconf 80' lang='lat'><strong>20</strong></span> <span class='ocrx_word' id='word_1_136' title='bbox 353 4264 468 4333; x_wconf 91' lang='lat' dir='ltr'><strong>Iunior</strong></span> <span class='ocrx_word' id='word_1_137' title='bbox 490 4265 561 4352; x_wconf 90' lang='lat' dir='ltr'><strong>ipse</strong></span> <span class='ocrx_word' id='word_1_138' title='bbox 583 4263 735 4350; x_wconf 90' lang='lat' dir='ltr'><strong>chelym,</strong></span> <span class='ocrx_word' id='word_1_139' title='bbox 759 4283 815 4335; x_wconf 92' lang='lat' dir='ltr'><strong>me</strong></span> <span class='ocrx_word' id='word_1_140' title='bbox 837 4265 1049 4351; x_wconf 87' lang='lat' dir='ltr'><strong>Paganinius</strong></span> <span class='ocrx_word' id='word_1_141' title='bbox 1070 4265 1168 4332; x_wconf 91' lang='lat' dir='ltr'><strong>audit</strong></span> 
     </span>
     <span class='ocr_line' id='line_1_25' title="bbox 352 4390 1262 4479; baseline 0 -23"><span class='ocrx_word' id='word_1_142' title='bbox 352 4392 482 4477; x_wconf 84' lang='lat' dir='ltr'><strong>Datque</strong></span> <span class='ocrx_word' id='word_1_143' title='bbox 505 4393 676 4473; x_wconf 84' lang='lat' dir='ltr'><strong>animum3</strong></span> <span class='ocrx_word' id='word_1_144' title='bbox 700 4390 830 4460; x_wconf 90' lang='lat' dir='ltr'><strong>laetor:</strong></span> <span class='ocrx_word' id='word_1_145' title='bbox 854 4392 1001 4479; x_wconf 88' lang='lat' dir='ltr'><strong>pictores</strong></span> <span class='ocrx_word' id='word_1_146' title='bbox 1022 4391 1148 4460; x_wconf 89' lang='lat' dir='ltr'><strong>emicat</strong></span> <span class='ocrx_word' id='word_1_147' title='bbox 1169 4391 1262 4458; x_wconf 90' lang='lat' dir='ltr'><strong>inter</strong></span> 
     </span>
     <span class='ocr_line' id='line_1_26' title="bbox 351 4516 1360 4604; baseline 0.002 -21"><span class='ocrx_word' id='word_1_148' title='bbox 351 4518 395 4584; x_wconf 86' lang='lat' dir='ltr'><strong>Ut</strong></span> <span class='ocrx_word' id='word_1_149' title='bbox 416 4517 586 4604; x_wconf 84' lang='lat' dir='ltr'><strong>Raphael,</strong></span> <span class='ocrx_word' id='word_1_150' title='bbox 609 4519 825 4587; x_wconf 85' lang='lat' dir='ltr'><strong>citharoedus</strong></span> <span class='ocrx_word' id='word_1_151' title='bbox 847 4523 883 4587; x_wconf 92' lang='lat' dir='ltr'><strong>et</strong></span> <span class='ocrx_word' id='word_1_152' title='bbox 905 4518 978 4586; x_wconf 89' lang='lat' dir='ltr'><strong>ille:</strong></span> <span class='ocrx_word' id='word_1_153' title='bbox 1008 4516 1209 4587; x_wconf 78' lang='lat' dir='ltr'><strong>iuvenculas</strong></span> <span class='ocrx_word' id='word_1_154' title='bbox 1232 4517 1360 4586; x_wconf 87' lang='lat' dir='ltr'><strong>ardens</strong></span> 
     </span>
    </p>
   </div>
   <div class='ocr_carea' id='block_1_6' title="bbox 0 0 1792 5376">
    <p class='ocr_par' dir='ltr' id='par_1_12' title="bbox 0 0 1792 5376">
     <span class='ocr_line' id='line_1_27' title="bbox 0 0 1792 5376; baseline 0 0"><span class='ocrx_word' id='word_1_155' title='bbox 0 0 1792 5376; x_wconf 95' lang='lat' dir='ltr'><strong> </strong></span> 
     </span>
    </p>
   </div>
  </div>
 </body>
</html>
