3560 5368
402 733 1232 865 Pnnununranos

521 1355 531 1374 '
596 1363 759 1448 LIBER
795 1367 1024 1449 TERTIVS

708 1543 916 1553 *—

678 2076 939 2145 Aldiuuldvll

243 2235 329 2294 loseph,
341 2235 375 2282 rir
385 2236 464 2294 iustam,
480 2236 503 2282 in
516 2237 619 2295 oppidulo
635 2237 723 2284 nomine
734 2237 844 2285 Nammtir
861 2240 949 2285 exercet
959 2239 1060 2285 fabrilem
1071 2239 1150 2286 artem.
1162 2239 1189 2285 Ei
1201 2239 1273 2286 oranti
1285 2243 1377 2299 apparet

304 2325 317 2358 e
332 2314 393 2360 caelo
409 2314 504 2370 Gabriel,
520 2315 544 2360 et
559 2315 703 2373 praenuntiat
718 2315 844 2375 propediem
859 2317 933 2375 ipsum
949 2317 1052 2362 roceium
1063 2316 1090 2362 iri
1101 2317 1130 2362 sd
1141 2319 1248 2374 templum
1259 2318 1286 2363 ut
1296 2331 1375 2376 sponsa

305 2405 333 2439 ex
349 2405 408 2440 more
424 2394 554 2441 ludaeorum
570 2407 583 2441 e
597 2409 638 2442 aua
653 2397 713 2442 tribu
730 2396 863 2453 assignetur,
886 2409 979 2454 eumque
994 2397 1022 2442 ob
1037 2409 1127 2443 causam
1151 2399 1242 2443 anulum
1257 2397 1336 2454 oerore.
1352 2399 1376 2443 et

304 2475 387 2533 aliquid
403 2475 478 2523 innuit
493 2476 521 2523 de
537 2477 627 2534 Virgine
642 2477 723 2526 bieria.
739 2479 833 2534 Anulus,
847 2478 884 2536 qui
908 2478 1012 2525 Peraraiue
1032 2479 1166 2533 asservatur,
1190 2478 1336 2535 describitur,
1352 2482 1376 2526 et

304 2557 412 2614 quaedam
426 2558 455 2606 de
470 2557 511 2604 boc
526 2571 554 2604 ex
570 2559 690 2606 traditione
713 2560 919 2606 commemorantur.
943 2559 1036 2606 Iuvenes
1060 2559 1160 2606 nonnulii
1175 2571 1203 2604 ex
1224 2559 1284 2605 tribu
1308 2559 1376 2606 Iudae

305 2640 418 2695 omns,
433 2651 489 2696 quoe
503 2639 562 2685 inter
577 2639 664 2697 loseph.
681 2639 728 2686 Hos
741 2640 862 2697 alloquitur
878 2652 977 2686 summm
992 2639 1094 2685 sacerdos
1108 2639 1176 2696 atque
1197 2651 1261 2684 omen
1276 2638 1375 2685 divinum

304 2720 462 2777 exquirendum
477 2719 583 2779 profatur.
600 2720 668 2777 virga
684 2719 763 2779 Ioseph
779 2721 849 2777 lieret,
865 2721 890 2766 et
904 2733 1004 2766 siruamus
1027 2719 1129 2766 sacerdos
1153 2719 1262 2777 Sponsum
1277 2719 1376 2776 virunnis

303 2801 434 2847 conclamat
450 2799 547 2858 Ambos,
559 2813 617 2848 unus
627 2814 654 2847 ex
671 2801 793 2858 iuvenibus,
806 2802 890 2858 virgam
907 2801 997 2858 mugit,
1013 2812 1105 2857 seseque
1114 2800 1143 2845 ad
1154 2800 1251 2847 montem
1266 2799 1375 2846 Libanum

303 2879 388 2939 recipit,
404 2883 428 2928 et
443 2881 497 2928 dato
515 2883 603 2928 nominc
612 2881 738 2928 Gurmeiitia
753 2882 818 2928 Elias
833 2882 930 2928 alumnis
939 2881 1026 2928 mdebs
1036 2882 1113 2927 sancto
1123 2881 1167 2926 fine
1177 2881 1278 2938 quiescit.
1289 2881 1376 2926 Interea

303 2961 390 3020 puellae
405 2961 489 3008 Mariae
504 2962 597 3008 condies
618 2963 742 3019 euagrium
766 2963 866 3020 nuptiale
889 2963 985 3008 oderunt
1008 2962 1037 3006 ab
1061 2960 1144 3007 eisdem
1167 2961 1311 3007 elaboratum.
1327 2960 1374 3006 Hoc

303 3053 359 3099 opus
373 3042 513 3089 describitur.
529 3043 684 3099 bundamor,
700 3055 763 3089 suum
780 3043 833 3088 duna
849 3041 933 3101 profert
944 3042 1104 3098 munusculum,
1120 3041 1216 3100 plurima
1239 3041 1267 3086 de
1291 3040 1376 3099 Sponso

304 3121 402 3178 Virginis
417 3125 441 3170 et
456 3123 484 3170 de
499 3123 569 3180 gioria
583 3125 671 3171 uenturi
687 3123 770 3170 cuneo
784 3123 927 3170 vaticinatur.
938 3123 964 3169 In
976 3125 1051 3169 mente
1061 3123 1114 3168 Sion
1129 3122 1223 3168 habetur
1243 3121 1375 3177 coniugium.

304 3201 390 3261 losepbi
405 3204 429 3248 et
446 3203 544 3259 Virginis
558 3215 643 3263 agapae
658 3204 772 3264 nuptiales
787 3203 851 3251 dunt
873 3203 916 3250 Hic
940 3203 1009 3249 Poeta
1030 3201 1135 3261 hymnum
1152 3201 1234 3260 repetit
1249 3201 1272 3248 S.
1288 3201 1374 3260 Iosephi

302 3283 341 3340 qui
356 3283 444 3330 canitur
458 3284 482 3330 in
498 3283 605 3342 Ecclesia,
621 3296 687 3342 quarn
703 3286 727 3332 et
743 3285 841 3344 seipsum
856 3285 905 3331 eius
924 3283 1046 3342 patrocinio
1070 3281 1224 3337 commendat,
1246 3282 1375 3340 praesertim

303 3362 472 3409 luctuosissimis
496 3362 557 3410 bisce
581 3363 717 3422 temporibus
732 3377 782 3410 curn
798 3366 834 3410 tot
848 3363 949 3411 hostibus
965 3363 1098 3420 exagitatum
1121 3361 1213 3408 Demum
1233 3361 1281 3418 ipse
1305 3361 1374 3408 Poeta

303 3439 428 3497 B.l”1rnlui
444 3442 474 3490 ad
489 3442 597 3501 templum
612 3445 767 3501 praesentatae
782 3455 871 3492 carmen
886 3454 951 3490 mum
967 3455 1034 3501 aeque
1049 3443 1122 3489 toton
1138 3453 1166 3488 ex
1188 3440 1263 3487 auimo
1278 3440 1373 3490 dedicat

397 3682 494 3748 Nunc
517 3651 582 3766 age
604 3682 788 3766 deficiens,
818 3682 937 3769 loseph
960 3682 1141 3764 fidissime,
1165 3699 1304 3750 carmen

310 3805 429 3891 Erige,
454 3824 601 3893 namque
624 3811 701 3876 tuas
722 3811 884 3896 properat
906 3807 976 3876 iam
1000 3808 1113 3876 dicere
1136 3807 1261 3874 laudes.

311 3933 358 3999 Te
380 3933 477 4000 tenet
498 3931 715 4018 oppidulum,
737 3933 837 4018 prisci
860 3937 1065 4018 cognomine
1087 3935 1203 4018 patres

310 4056 509 4125 Nazaridum
532 4057 670 4126 dixere:
701 4059 757 4127 hic
779 4075 921 4128 vescens
944 4059 1082 4127 luminis
1103 4057 1215 4140 auris,

242 4183 266 4244 5
310 4181 359 4246 Tu
382 4179 507 4248 semem
528 4198 629 4268 super
650 4185 744 4250 estre
766 4183 879 4250 dabas.
912 4183 973 4249 Hic
996 4199 1146 4268 paupere
1170 4184 1261 4249 tecle

309 4306 410 4392 Degis
431 4307 549 4393 inops,
573 4310 728 4395 quamvis
749 4312 937 4396 prognatus
959 4311 1114 4396 germine
1137 4327 1278 4393 regum,

309 4431 450 4499 insudas
471 4433 565 4518 operi
590 4453 751 4503 manuum
776 4434 928 4522 fabrique
952 4435 1068 4502 labori.

310 4557 354 4622 At
375 4557 479 4623 Pater
501 4559 737 4644 omnipotens,
762 4559 881 4630 cedros
902 4559 960 4646 qui
982 4559 1125 4644 despicit
1146 4558 1215 4626 alle
