3564 5376
342 533 386 598 62
810 549 1070 602 urcfllnnnroos

448 675 644 761 Territaque
667 675 815 744 interae
838 679 1044 745 convertunt
1064 673 1204 759 agmina
1227 672 1360 740 ferrum.

448 798 510 865 Ast
532 799 589 865 ubi
612 798 811 885 bellipotens
833 800 977 869 Michael
1000 799 1157 868 letalibus
1178 798 1282 866 armis

342 929 403 995 140
448 925 671 1014 aggreditur,
695 924 801 992 multo
824 925 1034 1012 profundunt
1055 925 1230 1010 sanguine,
1245 923 1351 990 vitam

449 1051 640 1132 Innumeri,
665 1068 728 1118 ceu
750 1049 835 1117 lalce
858 1049 985 1118 cadunt
1009 1051 1163 1118 messoris
1185 1049 1320 1116 aristae.

448 1179 558 1245 'lanta
578 1178 692 1261 stupet
713 1175 771 1241 vix
793 1177 873 1243 dum
895 1195 956 1244 rex
978 1175 1101 1244 lunera
1121 1174 1359 1261 circumspexit

450 1304 492 1370 nt
513 1302 635 1388 passim
658 1301 739 1369 totis
761 1301 867 1369 effusa
888 1301 1057 1370 cadavera
1079 1301 1214 1381 cestrie,

450 1428 663 1513 Maturatque
687 1426 819 1513 lugam,
844 1445 1005 1514 praeceps
1029 1427 1167 1496 festinat
1188 1427 1232 1494 ad
1255 1427 1390 1509 urbem,

343 1554 405 1620 145
450 1553 608 1620 Protinus
629 1551 751 1620 immiti
775 1570 875 1638 quem
899 1552 1023 1621 tollunt
1045 1553 1164 1621 sunere
1187 1551 1270 1620 nati.

537 1676 651 1744 Tertia
672 1693 758 1762 quae
781 1678 899 1763 templi
921 1676 1062 1746 dextrae
1085 1677 1280 1764 depingitur
1302 1676 1395 1760 alae,

449 1803 528 1871 Fert
550 1802 667 1870 tabula
687 1803 830 1888 impasto
853 1803 972 1870 Daniel
994 1802 1165 1888 Babylone
1188 1803 1279 1871 leoni

448 1929 641 1996 Obiectum:
663 1929 827 2014 siquidem
850 1929 1022 1996 mendacis
1044 1927 1137 1996 facta
1157 1929 1314 1996 draconis

449 2053 584 2136 Detegit
607 2055 642 2120 et
664 2053 761 2139 picea
781 2052 899 2120 sollers
920 2053 1083 2120 interficit
1104 2053 1180 2122 offa

344 2178 405 2244 150
449 2179 531 2244 Inde
554 2180 767 2246 sacerdotum
790 2177 898 2262 furor,
921 2177 1167 2246 immedicabile
1190 2177 1328 2260 vulnus,

448 2299 512 2375 Qui
534 2301 628 2366 certo
650 2299 819 2367 immerito
841 2299 1007 2368 festinant
1029 2301 1171 2385 perdere
1194 2299 1272 2368 leto.

450 2427 588 2493 Interea
609 2442 709 2492 senos
729 2425 797 2493 iam
819 2424 866 2493 sol
890 2425 1120 2510 compleverat
1142 2425 1256 2507 orbes,

449 2549 491 2614 Dl
513 2546 596 2633 daps
619 2546 713 2615 nulla
735 2549 835 2615 datur
857 2567 980 2634 puero,
1004 2548 1200 2636 rabiemque
1222 2549 1359 2616 leonum

448 2672 674 2754 Extimulant,
696 2689 762 2741 nec
783 2690 883 2754 oves,
910 2691 974 2741 nec
998 2673 1078 2740 bina
1099 2676 1268 2741 cadavera
1289 2677 1430 2760 ponunt

342 2797 404 2863 155
447 2795 511 2865 Sed
534 2795 676 2882 Solymis
697 2799 795 2866 vates
816 2799 975 2866 Habacuc
998 2798 1198 2867 messoribus
1221 2817 1334 2867 escam

448 2924 534 2989 Dum
555 2926 671 3007 parat,
695 2924 865 3010 extemplo
887 2929 1061 3010 correptus
1082 2925 1178 2993 crine
1200 2943 1262 3012 per
1284 2943 1386 2993 auras

450 3047 605 3130 Tollitur,
628 3048 672 3115 ad
696 3047 829 3116 loveam
852 3049 1034 3134 Babylonis
1054 3048 1188 3118 ducitur
1210 3051 1331 3132 altem,

416 3211 420 3221 .
446 3171 608 3239 Dentibus
629 3171 758 3240 intacto
780 3173 890 3241 saevis
912 3174 970 3241 dal
991 3174 1116 3242 adorea
1138 3175 1225 3244 liba:

447 3297 624 3365 Praest'tit
646 3298 731 3366 baec
754 3299 914 3383 Michael,
938 3300 1041 3369 Iudae
1064 3302 1117 3368 cui
1139 3303 1269 3371 credita
1290 3320 1373 3370 cura
1394 3305 1448 3370 est
1455 3321 1465 3386 ;

219 3455 221 3460 ,
343 3422 405 3489 160
449 3423 536 3489 Hinc
558 3423 615 3489 ubl
638 3439 780 3509 praepes
801 3425 913 3507 adest,
937 3443 1036 3510 persa
1057 3445 1134 3493 cum
1157 3427 1315 3512 Principe
1341 3428 1464 3496 bellum

435 3546 620 3616 .Vincitur:
643 3549 680 3614 et
702 3545 816 3615 fractis
837 3551 913 3635 post
934 3551 1089 3636 tempora
1110 3551 1214 3636 longa
1236 3553 1400 3635 catervis,

452 3671 652 3740 Abramidae
674 3671 807 3741 dulcem
829 3674 975 3759 patriam
996 3676 1176 3764 sedemque
1200 3677 1363 3745 revisunt

449 3799 493 3863 Et
513 3797 641 3882 tegitur
664 3796 797 3880 Daniel,
821 3817 924 3884 quum
947 3800 1053 3868 lectos
1075 3800 1165 3868 inter
1187 3801 1335 3888 ephebos

451 3922 654 4008 Maneipium
677 3923 803 4006 Assyrii
827 3925 960 4009 regales
981 3926 1099 3994 incolit
1119 3928 1222 3996 aedes
1304 3913 1310 3926 ’

342 4047 405 4112 165
449 4045 603 4115 Numinis
624 4047 809 4132 interpres,
833 4049 905 4134 rogi
928 4051 985 4136 qui
1007 4051 1138 4119 somnia
1160 4053 1295 4138 pandit,
1373 4123 1379 4130 ,

450 4173 711 4260 Regnorumque
735 4174 843 4256 vices,
866 4175 1005 4259 populos
1026 4195 1189 4264 casusque
1214 4179 1359 4261 futuros3

453 4302 658 4368 praemonet
678 4300 714 4367 et
736 4301 839 4367 Iudae
861 4299 989 4386 clades,
1013 4305 1049 4372 et
1072 4302 1172 4371 fortia
1195 4305 1309 4388 gentis

448 4424 597 4506 Robora,
622 4425 659 4490 et
680 4425 827 4490 assertas
847 4421 953 4488 multo
975 4441 1052 4490 cum
1074 4425 1241 4508 sangnine
1262 4426 1374 4510 leges,

448 4550 615 4635 Certaque
638 4546 745 4614 divini
769 4545 880 4613 felicia
902 4549 1057 4632 tempora
1079 4553 1206 4634 partus.
