<?xml version="1.0" encoding="UTF-8"?>
<!DOCTYPE html PUBLIC "-//W3C//DTD XHTML 1.0 Transitional//EN"
    "http://www.w3.org/TR/xhtml1/DTD/xhtml1-transitional.dtd">
<html xmlns="http://www.w3.org/1999/xhtml" xml:lang="en" lang="en">
 <head>
  <title>
</title>
<meta http-equiv="Content-Type" content="text/html;charset=utf-8" />
  <meta name='ocr-system' content='tesseract 3.04.00' />
  <meta name='ocr-capabilities' content='ocr_page ocr_carea ocr_par ocr_line ocrx_word'/>
</head>
<body>
  <div class='ocr_page' id='page_1' title='image "./carmina00morigoog_0117.png"; bbox 0 0 3472 5360; ppageno 0'>
   <div class='ocr_carea' id='block_1_1' title="bbox 334 489 1055 556">
    <p class='ocr_par' dir='ltr' id='par_1_1' title="bbox 334 489 1055 556">
     <span class='ocr_line' id='line_1_1' title="bbox 334 489 1055 556; baseline 0 -2"><span class='ocrx_word' id='word_1_1' title='bbox 334 489 397 554; x_wconf 84' lang='lat'>112</span> <span class='ocrx_word' id='word_1_2' title='bbox 816 503 1055 556; x_wconf 76' lang='lat' dir='ltr'>nlurnnnrnos</span> 
     </span>
    </p>
   </div>
   <div class='ocr_carea' id='block_1_2' title="bbox 351 628 1542 4599">
    <p class='ocr_par' dir='ltr' id='par_1_2' title="bbox 351 628 1420 1094">
     <span class='ocr_line' id='line_1_2' title="bbox 351 628 1410 719; baseline 0.005 -23"><span class='ocrx_word' id='word_1_3' title='bbox 351 632 395 698; x_wconf 84' lang='lat'>70</span> <span class='ocrx_word' id='word_1_4' title='bbox 420 628 526 712; x_wconf 86' lang='lat' dir='ltr'>¹Hinc</span> <span class='ocrx_word' id='word_1_5' title='bbox 547 647 727 716; x_wconf 92' lang='lat' dir='ltr'>procerum</span> <span class='ocrx_word' id='word_1_6' title='bbox 750 629 837 697; x_wconf 87' lang='lat' dir='ltr'>livor</span> <span class='ocrx_word' id='word_1_7' title='bbox 858 630 1079 715; x_wconf 83' lang='lat' dir='ltr'><strong>crudescere,</strong></span> <span class='ocrx_word' id='word_1_8' title='bbox 1102 635 1139 700; x_wconf 93' lang='lat' dir='ltr'>et</span> <span class='ocrx_word' id='word_1_9' title='bbox 1160 651 1285 719; x_wconf 90' lang='lat' dir='ltr'>aspera</span> <span class='ocrx_word' id='word_1_10' title='bbox 1306 632 1410 702; x_wconf 89' lang='lat' dir='ltr'>corda</span> 
     </span>
     <span class='ocr_line' id='line_1_3' title="bbox 440 754 1268 846; baseline 0.005 -23"><span class='ocrx_word' id='word_1_11' title='bbox 440 755 589 824; x_wconf 88' lang='lat' dir='ltr'>invisam</span> <span class='ocrx_word' id='word_1_12' title='bbox 611 754 762 824; x_wconf 83' lang='lat' dir='ltr'><strong>sobolem</strong></span> <span class='ocrx_word' id='word_1_13' title='bbox 785 755 916 824; x_wconf 83' lang='lat' dir='ltr'>insidiis</span> <span class='ocrx_word' id='word_1_14' title='bbox 936 757 1071 844; x_wconf 88' lang='lat' dir='ltr'>agitare</span> <span class='ocrx_word' id='word_1_15' title='bbox 1094 758 1268 846; x_wconf 92' lang='lat' dir='ltr'>dolisque,</span> 
     </span>
     <span class='ocr_line' id='line_1_4' title="bbox 439 881 1332 968; baseline 0.004 -18"><span class='ocrx_word' id='word_1_16' title='bbox 439 881 700 968; x_wconf 83' lang='lat' dir='ltr'>Compositoque</span> <span class='ocrx_word' id='word_1_17' title='bbox 722 897 829 950; x_wconf 85' lang='lat' dir='ltr'>novas</span> <span class='ocrx_word' id='word_1_18' title='bbox 850 881 1011 950; x_wconf 88' lang='lat' dir='ltr'>instando</span> <span class='ocrx_word' id='word_1_19' title='bbox 1032 885 1152 953; x_wconf 82' lang='lat' dir='ltr'>texere</span> <span class='ocrx_word' id='word_1_20' title='bbox 1176 885 1332 968; x_wconf 84' lang='lat' dir='ltr'>fraudes,</span> 
     </span>
     <span class='ocr_line' id='line_1_5' title="bbox 439 1005 1420 1094; baseline 0.004 -20"><span class='ocrx_word' id='word_1_21' title='bbox 439 1007 532 1085; x_wconf 82' lang='lat' dir='ltr'><strong>Quae</strong></span> <span class='ocrx_word' id='word_1_22' title='bbox 556 1005 668 1075; x_wconf 90' lang='lat' dir='ltr'>dirum</span> <span class='ocrx_word' id='word_1_23' title='bbox 690 1006 734 1074; x_wconf 86' lang='lat' dir='ltr'>ad</span> <span class='ocrx_word' id='word_1_24' title='bbox 757 1005 866 1074; x_wconf 92' lang='lat' dir='ltr'>letum</span> <span class='ocrx_word' id='word_1_25' title='bbox 887 1009 1030 1094; x_wconf 88' lang='lat' dir='ltr'>raptent</span> <span class='ocrx_word' id='word_1_26' title='bbox 1052 1007 1102 1074; x_wconf 88' lang='lat' dir='ltr'>nil</span> <span class='ocrx_word' id='word_1_27' title='bbox 1125 1007 1195 1077; x_wconf 93' lang='lat' dir='ltr'>tale</span> <span class='ocrx_word' id='word_1_28' title='bbox 1217 1012 1420 1079; x_wconf 92' lang='lat' dir='ltr'>merentem.</span> 
     </span>
    </p>

    <p class='ocr_par' dir='ltr' id='par_1_3' title="bbox 528 1129 1542 1220">
     <span class='ocr_line' id='line_1_6' title="bbox 528 1129 1542 1220; baseline 0.002 -22"><span class='ocrx_word' id='word_1_29' title='bbox 528 1130 670 1216; x_wconf 83' lang='lat' dir='ltr'>Signum</span> <span class='ocrx_word' id='word_1_30' title='bbox 692 1129 845 1198; x_wconf 91' lang='lat' dir='ltr'>immane</span> <span class='ocrx_word' id='word_1_31' title='bbox 866 1130 992 1214; x_wconf 86' lang='lat' dir='ltr'>ingens</span> <span class='ocrx_word' id='word_1_32' title='bbox 1015 1132 1073 1218; x_wconf 93' lang='lat' dir='ltr'>qui</span> <span class='ocrx_word' id='word_1_33' title='bbox 1095 1133 1180 1218; x_wconf 84' lang='lat' dir='ltr'>tunc</span> <span class='ocrx_word' id='word_1_34' title='bbox 1202 1133 1542 1220; x_wconf 84' lang='lat' dir='ltr'>Babylona&#39;regebat</span> 
     </span>
    </p>

    <p class='ocr_par' dir='ltr' id='par_1_4' title="bbox 354 1235 1383 1839">
     <span class='ocr_line' id='line_1_7' title="bbox 354 1235 1235 1340; baseline 0.005 -18"><span class='ocrx_word' id='word_1_35' title='bbox 354 1258 398 1323; x_wconf 83' lang='lat'>75</span> <span class='ocrx_word' id='word_1_36' title='bbox 441 1254 550 1340; x_wconf 85' lang='lat' dir='ltr'>Erigit</span> <span class='ocrx_word' id='word_1_37' title='bbox 569 1255 607 1322; x_wconf 92' lang='lat' dir='ltr'>in</span> <span class='ocrx_word' id='word_1_38' title='bbox 630 1253 741 1323; x_wconf 92' lang='lat' dir='ltr'>medio</span> <span class='ocrx_word' id='word_1_39' title='bbox 762 1253 881 1334; x_wconf 85' lang='lat' dir='ltr'>vallis,</span> <span class='ocrx_word' id='word_1_40' title='bbox 907 1235 1111 1340; x_wconf 85' lang='lat' dir='ltr'>cognomine</span> <span class='ocrx_word' id='word_1_41' title='bbox 1136 1259 1235 1326; x_wconf 86' lang='lat' dir='ltr'>Dura</span> 
     </span>
     <span class='ocr_line' id='line_1_8' title="bbox 442 1378 1269 1465; baseline 0.004 -17"><span class='ocrx_word' id='word_1_42' title='bbox 442 1380 565 1448; x_wconf 88' lang='lat' dir='ltr'>Mirum</span> <span class='ocrx_word' id='word_1_43' title='bbox 586 1397 671 1465; x_wconf 92' lang='lat' dir='ltr'>opus</span> <span class='ocrx_word' id='word_1_44' title='bbox 691 1397 736 1448; x_wconf 82' lang='lat' dir='ltr'>ex</span> <span class='ocrx_word' id='word_1_45' title='bbox 757 1397 841 1448; x_wconf 90' lang='lat' dir='ltr'>auro</span> <span class='ocrx_word' id='word_1_46' title='bbox 863 1378 987 1449; x_wconf 93' lang='lat' dir='ltr'>cubitis</span> <span class='ocrx_word' id='word_1_47' title='bbox 1008 1381 1178 1450; x_wconf 80' lang='lat' dir='ltr'>attollitur</span> <span class='ocrx_word' id='word_1_48' title='bbox 1197 1383 1269 1451; x_wconf 87' lang='lat' dir='ltr'>alte</span> 
     </span>
     <span class='ocr_line' id='line_1_9' title="bbox 444 1503 1353 1594; baseline 0.003 -22"><span class='ocrx_word' id='word_1_49' title='bbox 444 1503 649 1590; x_wconf 80' lang='lat' dir='ltr'>Sexaginta:</span> <span class='ocrx_word' id='word_1_50' title='bbox 673 1504 767 1572; x_wconf 87' lang='lat' dir='ltr'>volat</span> <span class='ocrx_word' id='word_1_51' title='bbox 789 1506 898 1572; x_wconf 87' lang='lat' dir='ltr'>terras</span> <span class='ocrx_word' id='word_1_52' title='bbox 921 1505 990 1572; x_wconf 89' lang='lat' dir='ltr'>iam</span> <span class='ocrx_word' id='word_1_53' title='bbox 1014 1504 1107 1574; x_wconf 85' lang='lat' dir='ltr'>fama</span> <span class='ocrx_word' id='word_1_54' title='bbox 1129 1525 1191 1594; x_wconf 91' lang='lat' dir='ltr'>per</span> <span class='ocrx_word' id='word_1_55' title='bbox 1212 1525 1353 1576; x_wconf 91' lang='lat' dir='ltr'>omnes:</span> 
     </span>
     <span class='ocr_line' id='line_1_10' title="bbox 445 1627 1383 1718; baseline 0.004 -21"><span class='ocrx_word' id='word_1_56' title='bbox 445 1632 519 1698; x_wconf 79' lang='lat' dir='ltr'>llex</span> <span class='ocrx_word' id='word_1_57' title='bbox 541 1627 637 1697; x_wconf 92' lang='lat' dir='ltr'>iubet</span> <span class='ocrx_word' id='word_1_58' title='bbox 658 1629 794 1698; x_wconf 87' lang='lat' dir='ltr'>interea</span> <span class='ocrx_word' id='word_1_59' title='bbox 815 1630 972 1716; x_wconf 89' lang='lat' dir='ltr'>satrapas</span> <span class='ocrx_word' id='word_1_60' title='bbox 994 1629 1225 1718; x_wconf 86' lang='lat' dir='ltr'>populumque</span> <span class='ocrx_word' id='word_1_61' title='bbox 1247 1634 1383 1715; x_wconf 89' lang='lat' dir='ltr'>vocari,</span> 
     </span>
     <span class='ocr_line' id='line_1_11' title="bbox 441 1751 1302 1839; baseline 0.002 -15"><span class='ocrx_word' id='word_1_62' title='bbox 441 1753 691 1839; x_wconf 81' lang='lat' dir='ltr'>Constituitque</span> <span class='ocrx_word' id='word_1_63' title='bbox 714 1751 805 1821; x_wconf 91' lang='lat' dir='ltr'>diem</span> <span class='ocrx_word' id='word_1_64' title='bbox 827 1753 972 1822; x_wconf 85' lang='lat' dir='ltr'>solemni</span> <span class='ocrx_word' id='word_1_65' title='bbox 994 1773 1089 1825; x_wconf 92' lang='lat' dir='ltr'>more</span> <span class='ocrx_word' id='word_1_66' title='bbox 1111 1755 1302 1826; x_wconf 87' lang='lat' dir='ltr'>dicandum.</span> 
     </span>
    </p>

    <p class='ocr_par' dir='ltr' id='par_1_5' title="bbox 355 1877 1450 2467">
     <span class='ocr_line' id='line_1_12' title="bbox 355 1877 1450 1966; baseline 0.003 -18"><span class='ocrx_word' id='word_1_67' title='bbox 355 1882 399 1948; x_wconf 82' lang='lat'>80</span> <span class='ocrx_word' id='word_1_68' title='bbox 442 1882 534 1948; x_wconf 86' lang='lat' dir='ltr'>Gens</span> <span class='ocrx_word' id='word_1_69' title='bbox 554 1879 703 1966; x_wconf 84' lang='lat' dir='ltr'>stipata,</span> <span class='ocrx_word' id='word_1_70' title='bbox 727 1877 910 1964; x_wconf 84' lang='lat' dir='ltr'>frequens,</span> <span class='ocrx_word' id='word_1_71' title='bbox 932 1879 1060 1966; x_wconf 91' lang='lat' dir='ltr'>spissae</span> <span class='ocrx_word' id='word_1_72' title='bbox 1082 1883 1179 1966; x_wconf 84' lang='lat' dir='ltr'>quasi</span> <span class='ocrx_word' id='word_1_73' title='bbox 1202 1883 1283 1952; x_wconf 90' lang='lat' dir='ltr'>litus</span> <span class='ocrx_word' id='word_1_74' title='bbox 1303 1901 1450 1966; x_wconf 91' lang='lat' dir='ltr'>arenae,</span> 
     </span>
     <span class='ocr_line' id='line_1_13' title="bbox 441 2001 1385 2093; baseline 0.004 -23"><span class='ocrx_word' id='word_1_75' title='bbox 441 2001 579 2087; x_wconf 89' lang='lat' dir='ltr'>Obtegit</span> <span class='ocrx_word' id='word_1_76' title='bbox 601 2001 805 2070; x_wconf 86' lang='lat' dir='ltr'>immensam</span> <span class='ocrx_word' id='word_1_77' title='bbox 827 2001 955 2070; x_wconf 87' lang='lat' dir='ltr'>vallem</span> <span class='ocrx_word' id='word_1_78' title='bbox 977 2001 1148 2089; x_wconf 91' lang='lat' dir='ltr'>collesque</span> <span class='ocrx_word' id='word_1_79' title='bbox 1170 2006 1385 2093; x_wconf 80' lang='lat' dir='ltr'>propinquos</span> 
     </span>
     <span class='ocr_line' id='line_1_14' title="bbox 440 2124 1358 2217; baseline 0.007 -24"><span class='ocrx_word' id='word_1_80' title='bbox 440 2127 538 2194; x_wconf 84' lang='lat' dir='ltr'>Haud</span> <span class='ocrx_word' id='word_1_81' title='bbox 560 2124 677 2213; x_wconf 92' lang='lat' dir='ltr'>procul</span> <span class='ocrx_word' id='word_1_82' title='bbox 700 2125 780 2192; x_wconf 86' lang='lat' dir='ltr'>hinc</span> <span class='ocrx_word' id='word_1_83' title='bbox 803 2125 895 2193; x_wconf 86' lang='lat' dir='ltr'>iussu</span> <span class='ocrx_word' id='word_1_84' title='bbox 918 2126 1010 2213; x_wconf 87' lang='lat' dir='ltr'>regis</span> <span class='ocrx_word' id='word_1_85' title='bbox 1031 2129 1252 2198; x_wconf 82' lang='lat' dir='ltr'>succenditur</span> <span class='ocrx_word' id='word_1_86' title='bbox 1275 2132 1358 2217; x_wconf 89' lang='lat' dir='ltr'>igne</span> 
     </span>
     <span class='ocr_line' id='line_1_15' title="bbox 443 2241 1203 2339; baseline 0.004 -18"><span class='ocrx_word' id='word_1_87' title='bbox 443 2252 580 2337; x_wconf 90' lang='lat' dir='ltr'>Ingenti</span> <span class='ocrx_word' id='word_1_88' title='bbox 604 2241 746 2319; x_wconf 82' lang='lat' dir='ltr'>fornax:</span> <span class='ocrx_word' id='word_1_89' title='bbox 772 2251 944 2337; x_wconf 90' lang='lat' dir='ltr'>proiectus</span> <span class='ocrx_word' id='word_1_90' title='bbox 965 2271 1106 2339; x_wconf 92' lang='lat' dir='ltr'>corpore</span> <span class='ocrx_word' id='word_1_91' title='bbox 1128 2256 1203 2324; x_wconf 88' lang='lat' dir='ltr'>toto</span> 
     </span>
     <span class='ocr_line' id='line_1_16' title="bbox 446 2375 1445 2467; baseline 0.007 -24"><span class='ocrx_word' id='word_1_92' title='bbox 446 2378 562 2446; x_wconf 86' lang='lat' dir='ltr'>Aurea</span> <span class='ocrx_word' id='word_1_93' title='bbox 582 2375 723 2463; x_wconf 90' lang='lat' dir='ltr'>quisque</span> <span class='ocrx_word' id='word_1_94' title='bbox 746 2375 836 2444; x_wconf 89' lang='lat' dir='ltr'>colat</span> <span class='ocrx_word' id='word_1_95' title='bbox 858 2375 1062 2460; x_wconf 88' lang='lat' dir='ltr'>simulacra,</span> <span class='ocrx_word' id='word_1_96' title='bbox 1086 2378 1251 2466; x_wconf 90' lang='lat' dir='ltr'>lyraeque</span> <span class='ocrx_word' id='word_1_97' title='bbox 1275 2381 1445 2467; x_wconf 90' lang='lat' dir='ltr'>tubaeque</span> 
     </span>
    </p>

    <p class='ocr_par' dir='ltr' id='par_1_6' title="bbox 358 2500 1479 2710">
     <span class='ocr_line' id='line_1_17' title="bbox 358 2500 1479 2592; baseline 0.003 -22"><span class='ocrx_word' id='word_1_98' title='bbox 358 2505 402 2572; x_wconf 89' lang='lat'>85</span> <span class='ocrx_word' id='word_1_99' title='bbox 445 2506 512 2571; x_wconf 89' lang='lat' dir='ltr'>Vix</span> <span class='ocrx_word' id='word_1_100' title='bbox 534 2503 684 2571; x_wconf 89' lang='lat' dir='ltr'>sonitum</span> <span class='ocrx_word' id='word_1_101' title='bbox 706 2500 877 2569; x_wconf 85' lang='lat' dir='ltr'>ediderint</span> <span class='ocrx_word' id='word_1_102' title='bbox 899 2505 1013 2571; x_wconf 92' lang='lat' dir='ltr'>lenem</span> <span class='ocrx_word' id='word_1_103' title='bbox 1036 2505 1072 2570; x_wconf 91' lang='lat' dir='ltr'>et</span> <span class='ocrx_word' id='word_1_104' title='bbox 1094 2504 1299 2592; x_wconf 87' lang='lat' dir='ltr'>symphonia</span> <span class='ocrx_word' id='word_1_105' title='bbox 1320 2510 1479 2576; x_wconf 90' lang='lat' dir='ltr'>cantum:</span> 
     </span>
     <span class='ocr_line' id='line_1_18' title="bbox 447 2623 1236 2710; baseline 0.003 -18"><span class='ocrx_word' id='word_1_106' title='bbox 447 2626 490 2692; x_wconf 93' lang='lat' dir='ltr'>Ni</span> <span class='ocrx_word' id='word_1_107' title='bbox 513 2624 639 2710; x_wconf 85' lang='lat' dir='ltr'>iaciat,</span> <span class='ocrx_word' id='word_1_108' title='bbox 663 2625 763 2692; x_wconf 91' lang='lat' dir='ltr'>detur</span> <span class='ocrx_word' id='word_1_109' title='bbox 784 2625 904 2710; x_wconf 87' lang='lat' dir='ltr'>prunis</span> <span class='ocrx_word' id='word_1_110' title='bbox 925 2623 1125 2693; x_wconf 85' lang='lat' dir='ltr'>ardentibus</span> <span class='ocrx_word' id='word_1_111' title='bbox 1146 2643 1236 2696; x_wconf 87' lang='lat' dir='ltr'>esca.</span> 
     </span>
    </p>

    <p class='ocr_par' dir='ltr' id='par_1_7' title="bbox 446 2751 1412 3092">
     <span class='ocr_line' id='line_1_19' title="bbox 446 2751 1364 2837; baseline 0.001 -16"><span class='ocrx_word' id='word_1_112' title='bbox 446 2753 547 2821; x_wconf 90' lang='lat' dir='ltr'>Plebs</span> <span class='ocrx_word' id='word_1_113' title='bbox 568 2751 679 2818; x_wconf 91' lang='lat' dir='ltr'>omnis</span> <span class='ocrx_word' id='word_1_114' title='bbox 700 2767 927 2837; x_wconf 82' lang='lat' dir='ltr'>proceresque</span> <span class='ocrx_word' id='word_1_115' title='bbox 949 2769 1020 2819; x_wconf 90' lang='lat' dir='ltr'>una</span> <span class='ocrx_word' id='word_1_116' title='bbox 1042 2751 1206 2822; x_wconf 87' lang='lat' dir='ltr'>mandata</span> <span class='ocrx_word' id='word_1_117' title='bbox 1228 2755 1364 2822; x_wconf 91' lang='lat' dir='ltr'>cruenti</span> 
     </span>
     <span class='ocr_line' id='line_1_20' title="bbox 449 2873 1404 2963; baseline 0.003 -21"><span class='ocrx_word' id='word_1_118' title='bbox 449 2875 635 2945; x_wconf 86' lang='lat' dir='ltr'>Perflciunt</span> <span class='ocrx_word' id='word_1_119' title='bbox 656 2873 771 2958; x_wconf 88' lang='lat' dir='ltr'>ducis,</span> <span class='ocrx_word' id='word_1_120' title='bbox 795 2876 832 2943; x_wconf 93' lang='lat' dir='ltr'>et</span> <span class='ocrx_word' id='word_1_121' title='bbox 854 2873 1082 2959; x_wconf 90' lang='lat' dir='ltr'>procumbunt</span> <span class='ocrx_word' id='word_1_122' title='bbox 1103 2894 1245 2963; x_wconf 91' lang='lat' dir='ltr'>corpore</span> <span class='ocrx_word' id='word_1_123' title='bbox 1268 2879 1404 2947; x_wconf 93' lang='lat' dir='ltr'>terrae:</span> 
     </span>
     <span class='ocr_line' id='line_1_21' title="bbox 447 3002 1412 3092; baseline 0 -20"><span class='ocrx_word' id='word_1_124' title='bbox 447 3008 592 3075; x_wconf 88' lang='lat' dir='ltr'>Pectora</span> <span class='ocrx_word' id='word_1_125' title='bbox 614 3019 764 3087; x_wconf 92' lang='lat' dir='ltr'>namque</span> <span class='ocrx_word' id='word_1_126' title='bbox 785 3019 892 3088; x_wconf 86' lang='lat' dir='ltr'>pavor</span> <span class='ocrx_word' id='word_1_127' title='bbox 915 3002 996 3088; x_wconf 90' lang='lat' dir='ltr'>quid</span> <span class='ocrx_word' id='word_1_128' title='bbox 1019 3020 1090 3071; x_wconf 91' lang='lat' dir='ltr'>non</span> <span class='ocrx_word' id='word_1_129' title='bbox 1112 3005 1272 3074; x_wconf 88' lang='lat' dir='ltr'>mortalia</span> <span class='ocrx_word' id='word_1_130' title='bbox 1295 3006 1412 3092; x_wconf 83' lang='lat' dir='ltr'>eogitl</span> 
     </span>
    </p>

    <p class='ocr_par' dir='ltr' id='par_1_8' title="bbox 360 3126 1422 3716">
     <span class='ocr_line' id='line_1_22' title="bbox 360 3126 1318 3214; baseline -0.002 -14"><span class='ocrx_word' id='word_1_131' title='bbox 360 3134 404 3200; x_wconf 89' lang='grc'>90</span> <span class='ocrx_word' id='word_1_132' title='bbox 447 3132 523 3198; x_wconf 91' lang='lat' dir='ltr'>Non</span> <span class='ocrx_word' id='word_1_133' title='bbox 546 3128 596 3196; x_wconf 90' lang='lat' dir='ltr'>ita</span> <span class='ocrx_word' id='word_1_134' title='bbox 618 3126 832 3214; x_wconf 87' lang='lat' dir='ltr'>magnanimi</span> <span class='ocrx_word' id='word_1_135' title='bbox 854 3127 1006 3195; x_wconf 88' lang='lat' dir='ltr'>iessaeae</span> <span class='ocrx_word' id='word_1_136' title='bbox 1029 3127 1144 3213; x_wconf 89' lang='lat' dir='ltr'>stirpis</span> <span class='ocrx_word' id='word_1_137' title='bbox 1165 3129 1318 3198; x_wconf 83' lang='lat' dir='ltr'>alumni:</span> 
     </span>
     <span class='ocr_line' id='line_1_23' title="bbox 449 3248 1343 3338; baseline 0 -18"><span class='ocrx_word' id='word_1_138' title='bbox 449 3256 559 3334; x_wconf 83' lang='lat' dir='ltr'>Quos,</span> <span class='ocrx_word' id='word_1_139' title='bbox 582 3269 703 3337; x_wconf 85' lang='lat' dir='ltr'>pacem</span> <span class='ocrx_word' id='word_1_140' title='bbox 725 3248 823 3318; x_wconf 84' lang='lat' dir='ltr'>vultu</span> <span class='ocrx_word' id='word_1_141' title='bbox 845 3250 1008 3318; x_wconf 90' lang='lat' dir='ltr'>simulans</span> <span class='ocrx_word' id='word_1_142' title='bbox 1031 3253 1168 3338; x_wconf 92' lang='lat' dir='ltr'>imoque</span> <span class='ocrx_word' id='word_1_143' title='bbox 1193 3253 1343 3322; x_wconf 81' lang='lat' dir='ltr'>timorem</span> 
     </span>
     <span class='ocr_line' id='line_1_24' title="bbox 449 3376 1422 3465; baseline -0.001 -17"><span class='ocrx_word' id='word_1_144' title='bbox 449 3380 557 3448; x_wconf 82' lang='lat' dir='ltr'>Corde</span> <span class='ocrx_word' id='word_1_145' title='bbox 578 3394 759 3465; x_wconf 92' lang='lat' dir='ltr'>premens,</span> <span class='ocrx_word' id='word_1_146' title='bbox 783 3394 844 3444; x_wconf 85' lang='lat' dir='ltr'>rex</span> <span class='ocrx_word' id='word_1_147' title='bbox 867 3376 920 3444; x_wconf 91' lang='lat' dir='ltr'>his</span> <span class='ocrx_word' id='word_1_148' title='bbox 943 3378 1127 3464; x_wconf 90' lang='lat' dir='ltr'>compellat</span> <span class='ocrx_word' id='word_1_149' title='bbox 1150 3378 1288 3448; x_wconf 88' lang='lat' dir='ltr'>vocibus</span> <span class='ocrx_word' id='word_1_150' title='bbox 1311 3380 1422 3448; x_wconf 90' lang='lat' dir='ltr'>ultro:</span> 
     </span>
     <span class='ocr_line' id='line_1_25' title="bbox 452 3503 1369 3589; baseline 0.002 -17"><span class='ocrx_word' id='word_1_151' title='bbox 452 3503 598 3573; x_wconf 85' lang='lat' dir='ltr'>Hebraei</span> <span class='ocrx_word' id='word_1_152' title='bbox 620 3503 783 3585; x_wconf 76' lang='lat' dir='ltr'>iuveneS,</span> <span class='ocrx_word' id='word_1_153' title='bbox 807 3518 868 3569; x_wconf 92' lang='lat' dir='ltr'>cur</span> <span class='ocrx_word' id='word_1_154' title='bbox 890 3519 973 3570; x_wconf 90' lang='lat' dir='ltr'>nam</span> <span class='ocrx_word' id='word_1_155' title='bbox 994 3521 1074 3571; x_wconf 91' lang='lat' dir='ltr'>mea</span> <span class='ocrx_word' id='word_1_156' title='bbox 1095 3521 1256 3589; x_wconf 89' lang='lat' dir='ltr'>spernere</span> <span class='ocrx_word' id='word_1_157' title='bbox 1279 3506 1369 3574; x_wconf 81' lang='lat' dir='ltr'>iussa</span> 
     </span>
     <span class='ocr_line' id='line_1_26' title="bbox 451 3627 1330 3716; baseline 0.001 -19"><span class='ocrx_word' id='word_1_158' title='bbox 451 3630 612 3712; x_wconf 87' lang='lat' dir='ltr'>Audetis,</span> <span class='ocrx_word' id='word_1_159' title='bbox 635 3628 860 3712; x_wconf 84' lang='lat' dir='ltr'>signumque,</span> <span class='ocrx_word' id='word_1_160' title='bbox 883 3627 952 3695; x_wconf 88' lang='lat' dir='ltr'>mei</span> <span class='ocrx_word' id='word_1_161' title='bbox 974 3645 1040 3714; x_wconf 93' lang='lat' dir='ltr'>quo</span> <span class='ocrx_word' id='word_1_162' title='bbox 1064 3627 1174 3715; x_wconf 80' lang='lat' dir='ltr'>fulget</span> <span class='ocrx_word' id='word_1_163' title='bbox 1195 3629 1330 3716; x_wconf 81' lang='lat' dir='ltr'>imago,</span> 
     </span>
    </p>

    <p class='ocr_par' dir='ltr' id='par_1_9' title="bbox 363 3752 1443 4215">
     <span class='ocr_line' id='line_1_27' title="bbox 363 3752 1443 3839; baseline -0.002 -14"><span class='ocrx_word' id='word_1_164' title='bbox 363 3761 407 3826; x_wconf 83' lang='lat'>95</span> <span class='ocrx_word' id='word_1_165' title='bbox 453 3759 520 3824; x_wconf 91' lang='lat' dir='ltr'>Vos</span> <span class='ocrx_word' id='word_1_166' title='bbox 542 3757 678 3823; x_wconf 89' lang='lat' dir='ltr'>tantum</span> <span class='ocrx_word' id='word_1_167' title='bbox 700 3752 851 3822; x_wconf 91' lang='lat' dir='ltr'>abnuitis</span> <span class='ocrx_word' id='word_1_168' title='bbox 871 3752 984 3821; x_wconf 92' lang='lat' dir='ltr'>colere</span> <span class='ocrx_word' id='word_1_169' title='bbox 1007 3756 1044 3820; x_wconf 92' lang='lat' dir='ltr'>et</span> <span class='ocrx_word' id='word_1_170' title='bbox 1065 3756 1281 3839; x_wconf 89' lang='lat' dir='ltr'>prosternere</span> <span class='ocrx_word' id='word_1_171' title='bbox 1305 3755 1443 3825; x_wconf 66' lang='lat' dir='ltr'>vultus?</span> 
     </span>
     <span class='ocr_line' id='line_1_28' title="bbox 453 3877 1292 3963; baseline -0.002 -14"><span class='ocrx_word' id='word_1_172' title='bbox 453 3879 624 3948; x_wconf 89' lang='lat' dir='ltr'>Haeccine</span> <span class='ocrx_word' id='word_1_173' title='bbox 646 3879 688 3946; x_wconf 93' lang='lat' dir='ltr'>de</span> <span class='ocrx_word' id='word_1_174' title='bbox 711 3877 806 3946; x_wconf 89' lang='lat' dir='ltr'>vobis</span> <span class='ocrx_word' id='word_1_175' title='bbox 828 3879 969 3946; x_wconf 88' lang='lat' dir='ltr'>tandem</span> <span class='ocrx_word' id='word_1_176' title='bbox 991 3895 1129 3963; x_wconf 89' lang='lat' dir='ltr'>sperare</span> <span class='ocrx_word' id='word_1_177' title='bbox 1151 3878 1292 3949; x_wconf 91' lang='lat' dir='ltr'>iubebat</span> 
     </span>
     <span class='ocr_line' id='line_1_29' title="bbox 455 3999 1384 4086; baseline 0.002 -16"><span class='ocrx_word' id='word_1_178' title='bbox 455 4005 579 4070; x_wconf 86' lang='lat' dir='ltr'>Noster</span> <span class='ocrx_word' id='word_1_179' title='bbox 599 4018 718 4084; x_wconf 84' lang='lat' dir='ltr'>amor,</span> <span class='ocrx_word' id='word_1_180' title='bbox 742 4000 878 4086; x_wconf 91' lang='lat' dir='ltr'>quando</span> <span class='ocrx_word' id='word_1_181' title='bbox 899 3999 1036 4086; x_wconf 88' lang='lat' dir='ltr'>captiva</span> <span class='ocrx_word' id='word_1_182' title='bbox 1056 4019 1076 4068; x_wconf 89' lang='lat' dir='ltr'><strong>e</strong></span> <span class='ocrx_word' id='word_1_183' title='bbox 1098 4003 1205 4086; x_wconf 87' lang='lat' dir='ltr'>gente</span> <span class='ocrx_word' id='word_1_184' title='bbox 1227 4001 1384 4072; x_wconf 91' lang='lat' dir='ltr'>reductos</span> 
     </span>
     <span class='ocr_line' id='line_1_30' title="bbox 451 4125 1320 4215; baseline -0.002 -18"><span class='ocrx_word' id='word_1_185' title='bbox 451 4132 526 4215; x_wconf 89' lang='lat' dir='ltr'>lpse</span> <span class='ocrx_word' id='word_1_186' title='bbox 549 4145 614 4213; x_wconf 92' lang='lat' dir='ltr'>ego</span> <span class='ocrx_word' id='word_1_187' title='bbox 640 4143 698 4194; x_wconf 85' lang='lat' dir='ltr'>vos</span> <span class='ocrx_word' id='word_1_188' title='bbox 720 4125 828 4211; x_wconf 89' lang='lat' dir='ltr'>epulis</span> <span class='ocrx_word' id='word_1_189' title='bbox 851 4141 989 4194; x_wconf 88' lang='lat' dir='ltr'>mensae</span> <span class='ocrx_word' id='word_1_190' title='bbox 1013 4127 1138 4210; x_wconf 87' lang='lat' dir='ltr'>regalis</span> <span class='ocrx_word' id='word_1_191' title='bbox 1159 4127 1320 4196; x_wconf 71' lang='lat' dir='ltr'>alebam?</span> 
     </span>
    </p>

    <p class='ocr_par' dir='ltr' id='par_1_10' title="bbox 455 4253 1343 4340">
     <span class='ocr_line' id='line_1_31' title="bbox 455 4253 1343 4340; baseline 0 -17"><span class='ocrx_word' id='word_1_192' title='bbox 455 4255 488 4323; x_wconf 88' lang='lat' dir='ltr'>Si</span> <span class='ocrx_word' id='word_1_193' title='bbox 513 4254 601 4322; x_wconf 83' lang='lat' dir='ltr'>soret</span> <span class='ocrx_word' id='word_1_194' title='bbox 622 4253 677 4322; x_wconf 89' lang='lat' dir='ltr'>hic</span> <span class='ocrx_word' id='word_1_195' title='bbox 701 4253 840 4338; x_wconf 89' lang='lat' dir='ltr'>Daniel,</span> <span class='ocrx_word' id='word_1_196' title='bbox 862 4255 962 4338; x_wconf 90' lang='lat' dir='ltr'>grato</span> <span class='ocrx_word' id='word_1_197' title='bbox 985 4253 1041 4340; x_wconf 92' lang='lat' dir='ltr'>qui</span> <span class='ocrx_word' id='word_1_198' title='bbox 1065 4257 1203 4340; x_wconf 87' lang='lat' dir='ltr'>pectore</span> <span class='ocrx_word' id='word_1_199' title='bbox 1225 4261 1343 4323; x_wconf 84' lang='lat' dir='ltr'>servat</span> 
     </span>
    </p>

    <p class='ocr_par' dir='ltr' id='par_1_11' title="bbox 351 4383 1405 4471">
     <span class='ocr_line' id='line_1_32' title="bbox 351 4383 1405 4471; baseline 0.001 -21"><span class='ocrx_word' id='word_1_200' title='bbox 351 4385 413 4451; x_wconf 91' lang='grc'>100</span> <span class='ocrx_word' id='word_1_201' title='bbox 457 4384 621 4465; x_wconf 87' lang='lat' dir='ltr'>Munera,</span> <span class='ocrx_word' id='word_1_202' title='bbox 645 4384 830 4471; x_wconf 88' lang='lat' dir='ltr'>quaesisset</span> <span class='ocrx_word' id='word_1_203' title='bbox 852 4401 982 4450; x_wconf 89' lang='lat' dir='ltr'>memor</span> <span class='ocrx_word' id='word_1_204' title='bbox 1003 4383 1182 4469; x_wconf 84' lang='lat' dir='ltr'>explorare</span> <span class='ocrx_word' id='word_1_205' title='bbox 1206 4383 1285 4469; x_wconf 89' lang='lat' dir='ltr'>quid</span> <span class='ocrx_word' id='word_1_206' title='bbox 1308 4386 1405 4469; x_wconf 91' lang='lat' dir='ltr'>opto:</span> 
     </span>
    </p>

    <p class='ocr_par' dir='ltr' id='par_1_12' title="bbox 457 4509 1302 4599">
     <span class='ocr_line' id='line_1_33' title="bbox 457 4509 1302 4599; baseline -0.008 -17"><span class='ocrx_word' id='word_1_207' title='bbox 457 4517 547 4599; x_wconf 88' lang='lat' dir='ltr'>Ergo</span> <span class='ocrx_word' id='word_1_208' title='bbox 569 4512 683 4598; x_wconf 91' lang='lat' dir='ltr'>agite,</span> <span class='ocrx_word' id='word_1_209' title='bbox 706 4515 742 4580; x_wconf 91' lang='lat' dir='ltr'>et</span> <span class='ocrx_word' id='word_1_210' title='bbox 763 4510 860 4578; x_wconf 82' lang='lat' dir='ltr'>iussis</span> <span class='ocrx_word' id='word_1_211' title='bbox 881 4509 995 4577; x_wconf 83' lang='lat' dir='ltr'>nullus</span> <span class='ocrx_word' id='word_1_212' title='bbox 1016 4528 1137 4596; x_wconf 90' lang='lat' dir='ltr'>parere</span> <span class='ocrx_word' id='word_1_213' title='bbox 1160 4512 1302 4578; x_wconf 87' lang='lat' dir='ltr'>rccuset.</span> 
     </span>
    </p>
   </div>
   <div class='ocr_carea' id='block_1_3' title="bbox 0 0 1740 5360">
    <p class='ocr_par' dir='ltr' id='par_1_13' title="bbox 0 0 1740 5360">
     <span class='ocr_line' id='line_1_34' title="bbox 0 0 1740 5360; baseline 0 0"><span class='ocrx_word' id='word_1_214' title='bbox 0 0 1740 5360; x_wconf 95' lang='lat' dir='ltr'> </span> 
     </span>
    </p>
   </div>
  </div>
 </body>
</html>
