3472 5360
608 503 747 587 'urana
769 531 949 586 snovunrs

294 657 421 728 Contra
443 659 557 745 opifex
579 661 680 730 tinxit
702 679 812 731 navus
833 661 990 730 sublimia
1013 664 1098 732 caeli

292 777 475 848 Stellarum
495 781 626 867 spatia,
647 784 751 868 atque
773 785 931 851 errantes
953 783 1105 850 cursibus
1126 783 1226 852 orbes

204 904 247 968 lb
293 905 488 991 Immensis,
510 906 656 994 solisque
680 908 792 991 viam,
817 909 1001 995 lunamque
1023 909 1196 976 bicornem

293 1030 439 1099 Motibus
458 1031 617 1116 incertis,
641 1032 857 1120 infaustaque
880 1034 980 1120 signa
1002 1035 1163 1102 cometas.
1225 1009 1227 1014 ⁸

292 1155 453 1224 Chaldaei
476 1161 580 1225 noctu
603 1158 739 1243 vigiles,
763 1159 820 1226 nbi
843 1159 958 1244 purior
979 1177 1057 1245 aer,

293 1281 476 1349 Rimantnr
496 1284 647 1369 caelum,
670 1303 712 1352 ac
733 1285 889 1352 tribuunt
909 1303 971 1353 sua
994 1286 1134 1353 nomina
1155 1286 1283 1367 stellis,

292 1407 394 1483 Queis
415 1407 538 1477 faciem
560 1411 729 1478 astrorum
744 1410 950 1498 choreasque
966 1414 1068 1497 atque
1083 1411 1223 1496 agmina
1243 1411 1392 1496 signant.

201 1533 245 1597 45
291 1531 436 1600 Fervida
457 1553 555 1604 mens
576 1535 742 1604 citharam
765 1535 859 1604 videt
880 1535 1102 1624 aurigamque
1125 1536 1232 1603 bootis

293 1658 335 1724 Et
358 1657 468 1726 tirsum
490 1659 626 1727 nivibus
646 1679 784 1746 caprum
806 1663 1031 1747 urentemque
1053 1661 1189 1729 leonem
1243 1661 1245 1664 ’
1378 1723 1381 1730 .

294 1783 336 1850 st
357 1782 489 1869 pluvios
510 1785 619 1870 pisces
639 1786 676 1852 et
696 1785 848 1870 pleiadas
869 1786 1049 1853 nimbosas.

378 1909 471 1977 Vidit
494 1910 551 1976 ubl
574 1909 721 1978 fractum
744 1912 834 1978 curis
857 1910 1049 1996 sessumque
1073 1911 1189 1980 labore

290 2032 369 2100 Otia
392 2034 615 2118 quaerentem
637 2035 674 2100 et
696 2052 800 2118 gazae
821 2035 856 2100 vi
879 2034 958 2102 ditis
980 2037 1143 2102 ovantem

203 2157 247 2221 50
290 2157 433 2240 cyrum,
456 2157 566 2244 epulis
586 2160 788 2245 recreatque
810 2177 905 2226 mero
927 2160 1108 2245 spumante
1131 2157 1303 2225 Malassar.

289 2284 374 2349 Tum
396 2301 518 2368 pueros
540 2300 734 2350 memorans
756 2283 932 2368 primaevo
954 2283 1036 2350 tiore
1058 2271 1221 2350 inventae

291 2408 463 2476 Abductos
485 2407 642 2493 Solyma,
666 2408 761 2495 queis
783 2410 896 2475 custos
919 2408 1067 2494 praefuit
1088 2407 1181 2494 ipse:

291 2534 514 2620 Magnanimo
536 2552 556 2602 o
579 2537 780 2616 Persarum,
804 2534 935 2620 inquit,
959 2534 1015 2601 cui
1037 2533 1148 2619 gloria
1169 2535 1278 2603 maior

292 2661 438 2726 Parcere
460 2657 620 2725 subiectis
642 2674 743 2743 quam
767 2656 855 2725 bello
876 2655 1020 2724 subdere
1042 2659 1167 2742 gentes

202 2787 246 2852 55
289 2785 332 2852 Et
353 2802 475 2870 regere
498 2784 640 2869 imperio
664 2783 793 2869 victas,
818 2801 861 2852 ne
883 2801 1007 2869 sperne
1030 2786 1239 2869 precantem.

289 2911 376 2976 Sunt
398 2907 481 2975 mihi
505 2910 574 2976 tres
596 2909 693 2994 pueri
715 2909 838 2977 iudaco
859 2909 990 2978 semine
1014 2909 1123 2990 creti,

292 3033 453 3100 Doctrina
475 3035 512 3100 et
534 3033 661 3101 virtute
683 3051 784 3118 pares
806 3033 980 3119 formaque
1004 3033 1139 3118 decori,

292 3159 382 3234 Quos
405 3157 487 3224 mihi
510 3158 623 3224 iunxit
644 3176 761 3226 amor:
785 3158 905 3226 mediis
927 3178 972 3226 ex
994 3159 1129 3243 ignibus
1152 3160 1227 3228 illos

291 3283 422 3368 Eripuit
445 3284 532 3351 Deus
553 3283 647 3369 ipse,
671 3283 808 3351 unicui
831 3286 912 3351 vota
936 3284 1108 3354 lacessunt

204 3411 247 3476 60
290 3411 402 3494 Atque
424 3426 531 3476 unum
554 3409 622 3476 ritu
644 3409 787 3478 iudaeae
809 3411 923 3495 gentis
944 3411 1111 3479 adorant:
1154 3485 1157 3491 ,

291 3535 375 3616 Hos,
400 3550 536 3620 precor,
559 3533 746 3602 incolumes
767 3551 884 3617 serva3
905 3535 953 3602 sic
976 3537 1118 3622 sospitet
1140 3556 1268 3624 aequus

290 3663 337 3728 Te
359 3663 447 3727 Deus
468 3658 612 3726 illorum.
637 3657 766 3727 Contra
786 3671 847 3727 rex
872 3659 995 3726 talibus
1018 3662 1115 3728 inflt:

291 3787 386 3862 Quae
408 3802 577 3852 memoras
599 3802 713 3851 rumor
735 3787 869 3852 nostras
890 3785 1041 3854 incertus
1062 3786 1107 3854 ad
1129 3807 1229 3857 aures

291 3909 437 3976 Attulit:
460 3910 497 3975 at
521 3910 636 3976 tantos
658 3907 776 3975 audire
799 3925 843 3975 ex
866 3908 986 3976 ordine
1009 3928 1107 3978 casus

204 4038 247 4104 65
290 4037 387 4102 Mens
408 4035 499 4101 avet.
523 4033 731 4119 Excepitque
754 4031 864 4100 libens
885 4033 934 4100 sic
957 4051 1016 4102 ore
1040 4035 1224 4105 Malassar:

292 4159 381 4236 Quos
404 4175 466 4226 rex
487 4137 643 4224 hebraeis
662 4173 789 4242 pueros
810 4129 1000 4226 abduxerat
1022 4159 1090 4226 oris

292 4287 425 4351 lessaea
446 4282 487 4350 de
510 4281 636 4368 stirpe,
661 4277 752 4350 h'aud
774 4299 891 4351 servos
914 4302 1030 4369 passus
1052 4284 1191 4352 baberi:

290 4409 353 4477 Sed
376 4408 460 4476 mibi
482 4427 546 4477 ceu
567 4409 682 4478 dulces
704 4413 805 4478 natos
827 4412 863 4477 et
885 4409 1030 4495 pignora
1052 4411 1150 4496 regni

289 4533 508 4616 Crediderat,
532 4533 695 4620 lectisque
718 4535 802 4603 cibis
824 4537 1007 4604 mandarat
1029 4536 1180 4605 alendos.
