3576 5376
323 508 390 578 362
831 475 833 480 ,
873 516 986 575 velus

432 648 528 717 Alter
548 652 584 717 et
607 667 627 718 e
650 649 778 717 Libano
800 648 937 717 cedrum
959 649 1173 734 palmamque
1196 649 1382 730 virentem,

431 773 528 842 Alter
550 777 586 841 et
608 771 760 840 avulsam
782 790 877 841 sacro
899 773 941 841 de
964 775 1080 840 moute
1103 790 1318 857 cupressum,

428 897 708 983 Flumineamque
729 897 787 964 alii
812 897 1004 983 platanum,
1028 901 1183 982 gestatur
1205 913 1323 968 aroma

429 1023 472 1092 Et
492 1025 585 1092 casia
606 1030 643 1092 et
665 1024 783 1111 pingui
805 1024 938 1092 stillans
959 1043 1003 1092 ex
1025 1025 1145 1091 arbore
1168 1027 1276 1108 gutta

342 1150 387 1215 65
430 1149 561 1217 Emicat
582 1153 665 1219 ante
687 1167 824 1230 omnes,
847 1148 961 1234 spoliis
982 1147 1186 1234 spectandus
1207 1149 1363 1232 avernis,

430 1273 658 1360 victricesque
680 1291 813 1358 regens,
837 1272 1002 1358 Michael,
1026 1273 1061 1339 iu
1086 1273 1174 1340 bella
1198 1273 1370 1342 cohortes:

429 1399 474 1464 At
495 1416 565 1466 uon
589 1401 627 1466 ut
649 1397 818 1484 quondam
840 1397 953 1483 gladio
976 1398 1179 1465 metuendus
1200 1399 1236 1464 ct
1258 1399 1311 1464 ira

428 1523 513 1590 Cum
533 1523 624 1590 ultor
645 1524 682 1590 iu
696 1540 793 1590 arma
809 1538 912 1590 ruens
928 1525 1115 1588 monstrum
1131 1521 1328 1589 exturbavit
1341 1522 1385 1590 ab
1399 1524 1516 1604 astris,

426 1647 492 1715 Sed
515 1646 605 1714 mitis
627 1645 825 1732 placidoque
847 1649 1025 1713 ostentans
1047 1645 1172 1730 gaudia
1194 1647 1300 1714 vultu.

338 1770 383 1836 70
427 1771 576 1838 Nuncius
598 1769 677 1838 hinc
700 1769 853 1852 Gabriel,
875 1770 933 1855 qui
956 1769 1024 1836 iam
1047 1770 1210 1837 mandata
1232 1769 1370 1838 Puellae

426 1891 541 1958 Prima
563 1890 658 1975 tulit,
681 1890 768 1959 tales
790 1889 926 1959 demum
949 1893 985 1957 et
1008 1891 1178 1976 praedixit
1198 1891 1361 1976 honores,

424 2013 563 2098 Ingenti
585 2015 706 2081 ventos
728 2012 860 2082 alarum
881 2011 1012 2096 remige
1035 2013 1162 2080 manat.

426 2137 480 2205 Sic
503 2137 628 2222 Virgo,
651 2137 744 2205 lituis
765 2137 897 2205 caelum
920 2139 1081 2206 comitata
1103 2136 1279 2224 tubisque,

424 2263 455 2328 it
477 2261 534 2329 via
554 2260 756 2330 stelliferum
778 2280 846 2349 qua
867 2262 980 2330 lactea
1001 2263 1095 2330 ducit
1116 2259 1162 2329 ad
1184 2279 1294 2328 axem.

338 2389 381 2454 75
426 2389 535 2474 thue
556 2388 673 2456 domos
695 2389 810 2474 tetigit
831 2387 954 2455 victrix
978 2392 1014 2454 et
1036 2405 1145 2474 mgna
1166 2389 1316 2474 piorum,

426 2509 595 2595 Reginam
617 2527 687 2577 une
708 2526 827 2578 omnes
848 2509 960 2595 superi
982 2513 1164 2594 gratantur
1185 2513 1356 2582 ovantem
1419 2579 1424 2590 ,

425 2635 471 2701 Α1
491 2637 595 2702 Pater
616 2635 831 2720 omnipotens
860 2635 1033 2721 Notusque
1056 2638 1093 2701 et
1113 2634 1255 2720 Spiritus
1277 2635 1386 2702 almus

425 2759 550 2827 Obvius
571 2761 737 2826 intactam
759 2757 898 2828 caelesti
920 2760 956 2825 in
978 2759 1096 2826 limine
1119 2759 1238 2826 Divam

426 2883 575 2969 Excipit,
599 2887 635 2950 et
657 2881 779 2951 merito
800 2881 908 2966 cingit
931 2881 1122 2951 diademate
1146 2881 1311 2967 frontem,

337 3010 381 3076 80
424 3013 611 3078 Aeternum
632 3009 743 3076 decus
768 3009 830 3076 llla
850 3009 959 3077 altum
981 3009 1156 3095 penetrale
1181 3009 1344 3077 Tonantis

423 3133 618 3220 Ingreditur
639 3133 789 3218 solioque
811 3134 908 3201 sedet
930 3135 1064 3220 Regina
1086 3152 1235 3202 corusco.

424 3260 561 3326 interea
585 3259 719 3325 tantum
741 3258 871 3343 stupuit
893 3259 1017 3326 mirata
1040 3257 1247 3344 triumphum

381 3359 402 3475 ⁸⁸
423 3383 649 3452 christiadum
670 3383 728 3470 pia
750 3387 866 3466 turba,
890 3404 931 3454 ac
954 3385 1085 3470 palmas
1106 3386 1242 3454 sustulit
1263 3387 1401 3468 ardeuS,

423 3513 450 3578 Ο
472 3527 560 3597 quae
583 3509 759 3576 hominum
778 3527 1005 3595 superumque
1021 3509 1147 3579 incedis
1169 3512 1334 3596 maxima,
1350 3513 1452 3596 dixit,

336 3638 380 3703 85
422 3636 455 3704 Si
478 3639 512 3704 te
534 3635 712 3704 caelicolas
733 3637 825 3704 inter
846 3637 1003 3705 mortalia
1026 3641 1192 3722 tangunt,

423 3760 545 3846 Aspice
569 3779 646 3842 nos,
671 3761 722 3829 fer
738 3779 844 3847 ‚opem
866 3762 996 3830 miseris
1018 3763 1055 3830 et
1077 3763 1218 3832 numine
1240 3780 1357 3847 serva,

422 3887 576 3971 Namque
598 3887 711 3971 potes:
734 3903 833 3954 curas
854 3890 891 3953 et
913 3887 998 3954 dura
1021 3886 1234 3955 incommoda
1256 3888 1348 3956 vitae

422 4010 497 4079 Heu
519 4013 601 4098 quot
622 4011 692 4079 iam
715 4010 852 4078 tulimus
874 4013 989 4094 terris,
1014 4013 1080 4078 heu
1103 4018 1234 4099 quauta
1256 3983 1426 4085 feremusi

425 4137 511 4204 Ecce
533 4137 629 4222 lupos
651 4137 742 4204 inter
763 4153 883 4204 saevos
905 4137 1118 4204 immittimur
1140 4139 1240 4222 agni3

337 4261 380 4328 90
424 4259 489 4329 Sed
511 4261 560 4327 nil
582 4261 851 4347 desperandum,
875 4265 909 4328 te
931 4260 1018 4328 duce
1040 4265 1076 4328 et
1098 4263 1254 4346 auspice,
1279 4263 1399 4347 Virgo.

421 4385 551 4454 Felices
572 4387 733 4471 nimium,
757 4387 876 4471 quibus
899 4387 962 4452 huc
985 4403 1148 4471 compage
1170 4386 1288 4452 solutis

424 4513 532 4580 Matre
557 4512 621 4580 lrui
645 4514 798 4598 Natoque
821 4513 938 4580 datum
961 4512 1122 4598 caeloque
1145 4511 1266 4596 potiri!

1227 4665 1407 4704 mmm
