<?xml version="1.0" encoding="UTF-8"?>
<!DOCTYPE html PUBLIC "-//W3C//DTD XHTML 1.0 Transitional//EN"
    "http://www.w3.org/TR/xhtml1/DTD/xhtml1-transitional.dtd">
<html xmlns="http://www.w3.org/1999/xhtml" xml:lang="en" lang="en">
 <head>
  <title>
</title>
<meta http-equiv="Content-Type" content="text/html;charset=utf-8" />
  <meta name='ocr-system' content='tesseract 3.04.00' />
  <meta name='ocr-capabilities' content='ocr_page ocr_carea ocr_par ocr_line ocrx_word'/>
</head>
<body>
  <div class='ocr_page' id='page_1' title='image "./carmina00morigoog_0008.png"; bbox 0 0 3564 5376; ppageno 0'>
   <div class='ocr_carea' id='block_1_1' title="bbox 578 911 1152 1032">
    <p class='ocr_par' dir='ltr' id='par_1_1' title="bbox 578 911 1152 1032">
     <span class='ocr_line' id='line_1_1' title="bbox 578 911 1152 1032; baseline 0.003 -7"><span class='ocrx_word' id='word_1_1' title='bbox 578 911 833 1032; x_wconf 72' lang='lat' dir='ltr'><strong>Antron</strong></span> <span class='ocrx_word' id='word_1_2' title='bbox 876 912 1152 1029; x_wconf 80' lang='lat' dir='ltr'>LECTORI</span> 
     </span>
    </p>
   </div>
   <div class='ocr_carea' id='block_1_2' title="bbox 241 1968 1420 4658">
    <p class='ocr_par' dir='ltr' id='par_1_2' title="bbox 241 1968 1420 4658">
     <span class='ocr_line' id='line_1_2' title="bbox 381 1968 1420 2091; baseline 0 -27"><span class='ocrx_word' id='word_1_3' title='bbox 381 1969 557 2089; x_wconf 81' lang='lat' dir='ltr'><strong>Habes,</strong></span> <span class='ocrx_word' id='word_1_4' title='bbox 602 1969 756 2063; x_wconf 85' lang='lat' dir='ltr'><strong>Leotor</strong></span> <span class='ocrx_word' id='word_1_5' title='bbox 808 1968 1136 2091; x_wconf 77' lang='lat' dir='ltr'><strong>humanissime,</strong></span> <span class='ocrx_word' id='word_1_6' title='bbox 1183 2003 1265 2064; x_wconf 96' lang='lat' dir='ltr'><strong>uno</strong></span> <span class='ocrx_word' id='word_1_7' title='bbox 1309 2003 1420 2064; x_wconf 90' lang='lat' dir='ltr'><strong>oon-</strong></span> 
     </span>
     <span class='ocr_line' id='line_1_3' title="bbox 288 2109 1419 2236; baseline -0.001 -31"><span class='ocrx_word' id='word_1_8' title='bbox 288 2111 406 2206; x_wconf 87' lang='lat' dir='ltr'><strong>olusa</strong></span> <span class='ocrx_word' id='word_1_9' title='bbox 439 2111 643 2205; x_wconf 82' lang='lat' dir='ltr'><strong>volumine</strong></span> <span class='ocrx_word' id='word_1_10' title='bbox 676 2141 786 2236; x_wconf 92' lang='lat' dir='ltr'><strong>quae</strong></span> <span class='ocrx_word' id='word_1_11' title='bbox 830 2109 923 2204; x_wconf 92' lang='lat' dir='ltr'><strong>inde</strong></span> <span class='ocrx_word' id='word_1_12' title='bbox 954 2112 1013 2204; x_wconf 92' lang='lat' dir='ltr'><strong>ab</strong></span> <span class='ocrx_word' id='word_1_13' title='bbox 1043 2143 1152 2206; x_wconf 89' lang='lat' dir='ltr'><strong>anno</strong></span> <span class='ocrx_word' id='word_1_14' title='bbox 1183 2145 1419 2206; x_wconf 84' lang='lat' dir='ltr'><strong>unooonxm</strong></span> 
     </span>
     <span class='ocr_line' id='line_1_4' title="bbox 289 2252 1420 2381; baseline 0 -34"><span class='ocrx_word' id='word_1_15' title='bbox 289 2254 445 2381; x_wconf 90' lang='lat' dir='ltr'><strong>passim</strong></span> <span class='ocrx_word' id='word_1_16' title='bbox 477 2252 672 2381; x_wconf 84' lang='lat' dir='ltr'>evulgavi</span> <span class='ocrx_word' id='word_1_17' title='bbox 693 2252 903 2373; x_wconf 78' lang='lat' dir='ltr'><strong>earmina3</strong></span> <span class='ocrx_word' id='word_1_18' title='bbox 937 2253 1092 2379; x_wconf 93' lang='lat' dir='ltr'><strong>quibus</strong></span> <span class='ocrx_word' id='word_1_19' title='bbox 1115 2255 1309 2349; x_wconf 82' lang='lat' dir='ltr'><strong>nonnulla</strong></span> <span class='ocrx_word' id='word_1_20' title='bbox 1336 2287 1420 2348; x_wconf 91' lang='lat' dir='ltr'><strong>ao-</strong></span> 
     </span>
     <span class='ocr_line' id='line_1_5' title="bbox 287 2394 1419 2523; baseline 0.003 -35"><span class='ocrx_word' id='word_1_21' title='bbox 287 2396 440 2491; x_wconf 89' lang='lat' dir='ltr'><strong>oedunt</strong></span> <span class='ocrx_word' id='word_1_22' title='bbox 462 2395 643 2489; x_wconf 93' lang='lat' dir='ltr'><strong>nondum</strong></span> <span class='ocrx_word' id='word_1_23' title='bbox 664 2394 802 2514; x_wconf 85' lang='lat' dir='ltr'><strong>edita,</strong></span> <span class='ocrx_word' id='word_1_24' title='bbox 823 2395 1016 2489; x_wconf 82' lang='lat' dir='ltr'><strong>iuvenilia</strong></span> <span class='ocrx_word' id='word_1_25' title='bbox 1040 2397 1305 2523; x_wconf 80' lang='lat' dir='ltr'><strong>praesertim,</strong></span> <span class='ocrx_word' id='word_1_26' title='bbox 1340 2431 1419 2491; x_wconf 94' lang='lat' dir='ltr'><strong>non</strong></span> 
     </span>
     <span class='ocr_line' id='line_1_6' title="bbox 290 2537 1418 2665; baseline 0.001 -33"><span class='ocrx_word' id='word_1_27' title='bbox 290 2538 400 2664; x_wconf 93' lang='lat' dir='ltr'><strong>quod</strong></span> <span class='ocrx_word' id='word_1_28' title='bbox 425 2558 568 2665; x_wconf 87' lang='lat' dir='ltr'><strong>putem</strong></span> <span class='ocrx_word' id='word_1_29' title='bbox 600 2537 829 2663; x_wconf 87' lang='lat' dir='ltr'><strong>quidquam</strong></span> <span class='ocrx_word' id='word_1_30' title='bbox 862 2537 922 2632; x_wconf 89' lang='lat' dir='ltr'><strong>eis</strong></span> <span class='ocrx_word' id='word_1_31' title='bbox 954 2538 1239 2665; x_wconf 76' lang='lat' dir='ltr'><strong>praestantiae</strong></span> <span class='ocrx_word' id='word_1_32' title='bbox 1267 2539 1418 2659; x_wconf 78' lang='lat' dir='ltr'><strong>inesse,</strong></span> 
     </span>
     <span class='ocr_line' id='line_1_7' title="bbox 288 2679 1418 2807; baseline 0.001 -33"><span class='ocrx_word' id='word_1_33' title='bbox 288 2681 360 2774; x_wconf 91' lang='lat' dir='ltr'><strong>sed</strong></span> <span class='ocrx_word' id='word_1_34' title='bbox 384 2680 484 2806; x_wconf 90' lang='lat' dir='ltr'><strong>quia</strong></span> <span class='ocrx_word' id='word_1_35' title='bbox 505 2679 560 2772; x_wconf 91' lang='lat' dir='ltr'><strong>ad</strong></span> <span class='ocrx_word' id='word_1_36' title='bbox 579 2679 821 2772; x_wconf 75' lang='lat' dir='ltr'><strong>memoriam</strong></span> <span class='ocrx_word' id='word_1_37' title='bbox 844 2699 1046 2806; x_wconf 83' lang='lat' dir='ltr'><strong>pergrata</strong></span> <span class='ocrx_word' id='word_1_38' title='bbox 1064 2680 1255 2799; x_wconf 77' lang='lat' dir='ltr'><strong>redeunt,</strong></span> <span class='ocrx_word' id='word_1_39' title='bbox 1275 2699 1418 2807; x_wconf 88' lang='lat' dir='ltr'><strong>utpote</strong></span> 
     </span>
     <span class='ocr_line' id='line_1_8' title="bbox 241 2820 1419 2950; baseline -0.001 -33"><span class='ocrx_word' id='word_1_40' title='bbox 241 2857 245 2868; x_wconf 83' lang='grc'><strong>’</strong></span> <span class='ocrx_word' id='word_1_41' title='bbox 287 2855 398 2949; x_wconf 90' lang='lat' dir='ltr'><strong>quae</strong></span> <span class='ocrx_word' id='word_1_42' title='bbox 419 2821 571 2950; x_wconf 87' lang='lat' dir='ltr'><strong>partim</strong></span> <span class='ocrx_word' id='word_1_43' title='bbox 603 2820 776 2916; x_wconf 88' lang='lat' dir='ltr'><strong>virentis</strong></span> <span class='ocrx_word' id='word_1_44' title='bbox 799 2821 955 2916; x_wconf 90' lang='lat' dir='ltr'><strong>aetatis</strong></span> <span class='ocrx_word' id='word_1_45' title='bbox 979 2844 1091 2941; x_wconf 78' lang='lat' dir='ltr'><strong>sunt,</strong></span> <span class='ocrx_word' id='word_1_46' title='bbox 1113 2822 1263 2949; x_wconf 88' lang='lat' dir='ltr'><strong>partim</strong></span> <span class='ocrx_word' id='word_1_47' title='bbox 1285 2823 1419 2916; x_wconf 89' lang='lat' dir='ltr'><strong>offioia</strong></span> 
     </span>
     <span class='ocr_line' id='line_1_9' title="bbox 288 2965 1420 3121; baseline 0.002 -63"><span class='ocrx_word' id='word_1_48' title='bbox 288 2967 476 3060; x_wconf 90' lang='lat' dir='ltr'><strong>referunt</strong></span> <span class='ocrx_word' id='word_1_49' title='bbox 498 2997 602 3121; x_wconf 84' lang='lat' dir='ltr'><strong>erga</strong></span> <span class='ocrx_word' id='word_1_50' title='bbox 637 2982 834 3090; x_wconf 87' lang='lat' dir='ltr'><strong>parentes</strong></span> <span class='ocrx_word' id='word_1_51' title='bbox 866 2984 909 3059; x_wconf 90' lang='lat' dir='ltr'><strong>et</strong></span> <span class='ocrx_word' id='word_1_52' title='bbox 931 2965 1202 3059; x_wconf 79' lang='lat' dir='ltr'><strong>necessarios.</strong></span> <span class='ocrx_word' id='word_1_53' title='bbox 1226 2965 1420 3060; x_wconf 76' lang='lat' dir='ltr'><strong>Fatebor</strong></span> 
     </span>
     <span class='ocr_line' id='line_1_10' title="bbox 288 3106 1417 3234; baseline -0.001 -34"><span class='ocrx_word' id='word_1_54' title='bbox 288 3109 396 3200; x_wconf 91' lang='lat' dir='ltr'><strong>enim</strong></span> <span class='ocrx_word' id='word_1_55' title='bbox 419 3140 505 3226; x_wconf 89' lang='lat' dir='ltr'><strong>me</strong></span> <span class='ocrx_word' id='word_1_56' title='bbox 536 3106 619 3199; x_wconf 92' lang='lat' dir='ltr'><strong>iam</strong></span> <span class='ocrx_word' id='word_1_57' title='bbox 653 3124 743 3200; x_wconf 94' lang='lat' dir='ltr'><strong>tum</strong></span> <span class='ocrx_word' id='word_1_58' title='bbox 777 3141 907 3233; x_wconf 89' lang='lat' dir='ltr'><strong>quum</strong></span> <span class='ocrx_word' id='word_1_59' title='bbox 939 3139 978 3198; x_wconf 95' lang='lat' dir='ltr'><strong>m</strong></span> <span class='ocrx_word' id='word_1_60' title='bbox 982 3125 1048 3201; x_wconf 91' lang='lat' dir='ltr'><strong>er</strong></span> <span class='ocrx_word' id='word_1_61' title='bbox 982 3106 1369 3202; x_wconf 86' lang='lat' dir='ltr'><strong>ttalumnos</strong></span> <span class='ocrx_word' id='word_1_62' title='bbox 1294 3127 1369 3234; x_wconf 91' lang='lat' dir='ltr'><strong>pa</strong></span> <span class='ocrx_word' id='word_1_63' title='bbox 1370 3140 1417 3200; x_wconf 93' lang='lat' dir='ltr'><strong>ru</strong></span> 
     </span>
     <span class='ocr_line' id='line_1_11' title="bbox 289 3248 1417 3407; baseline -0.002 -65"><span class='ocrx_word' id='word_1_64' title='bbox 289 3248 460 3376; x_wconf 83' lang='lat' dir='ltr'><strong>Collegii</strong></span> <span class='ocrx_word' id='word_1_65' title='bbox 488 3248 702 3343; x_wconf 88' lang='lat' dir='ltr'><strong>Nazareni</strong></span> <span class='ocrx_word' id='word_1_66' title='bbox 735 3281 906 3407; x_wconf 88' lang='lat' dir='ltr'><strong>operam</strong></span> <span class='ocrx_word' id='word_1_67' title='bbox 928 3248 1075 3341; x_wconf 91' lang='lat' dir='ltr'><strong>darem</strong></span> <span class='ocrx_word' id='word_1_68' title='bbox 1095 3248 1161 3343; x_wconf 90' lang='lat' dir='ltr'><strong>litt</strong></span> <span class='ocrx_word' id='word_1_69' title='bbox 1125 3249 1259 3406; x_wconf 72' lang='lat' dir='ltr'><strong>neris,</strong></span> <span class='ocrx_word' id='word_1_70' title='bbox 1289 3249 1360 3344; x_wconf 92' lang='lat' dir='ltr'><strong>lat</strong></span> <span class='ocrx_word' id='word_1_71' title='bbox 1332 3269 1417 3344; x_wconf 92' lang='lat' dir='ltr'><strong>tma</strong></span> 
     </span>
     <span class='ocr_line' id='line_1_12' title="bbox 288 3390 1419 3548; baseline -0.001 -65"><span class='ocrx_word' id='word_1_72' title='bbox 288 3390 417 3517; x_wconf 89' lang='lat' dir='ltr'><strong>poesi</strong></span> <span class='ocrx_word' id='word_1_73' title='bbox 439 3423 568 3517; x_wconf 91' lang='lat' dir='ltr'><strong>quam</strong></span> <span class='ocrx_word' id='word_1_74' title='bbox 591 3423 853 3548; x_wconf 87' lang='lat' dir='ltr'><strong>summopere</strong></span> <span class='ocrx_word' id='word_1_75' title='bbox 876 3391 915 3484; x_wconf 95' lang='lat' dir='ltr'><strong>in</strong></span> <span class='ocrx_word' id='word_1_76' title='bbox 936 3391 1053 3490; x_wconf 89' lang='lat' dir='ltr'><strong>aurei</strong></span> <span class='ocrx_word' id='word_1_77' title='bbox 1081 3390 1172 3484; x_wconf 90' lang='lat' dir='ltr'><strong>aevi</strong></span> <span class='ocrx_word' id='word_1_78' title='bbox 1195 3391 1322 3518; x_wconf 90' lang='lat' dir='ltr'><strong>soript</strong></span> <span class='ocrx_word' id='word_1_79' title='bbox 1324 3391 1419 3485; x_wconf 90' lang='lat' dir='ltr'><strong>ori-</strong></span> 
     </span>
     <span class='ocr_line' id='line_1_13' title="bbox 288 3532 1418 3660; baseline 0.001 -34"><span class='ocrx_word' id='word_1_80' title='bbox 288 3534 369 3627; x_wconf 88' lang='lat' dir='ltr'><strong>bus</strong></span> <span class='ocrx_word' id='word_1_81' title='bbox 413 3533 724 3660; x_wconf 82' lang='lat' dir='ltr'><strong>degustabam</strong></span> <span class='ocrx_word' id='word_1_82' title='bbox 763 3532 821 3628; x_wconf 90' lang='lat' dir='ltr'><strong>ita</strong></span> <span class='ocrx_word' id='word_1_83' title='bbox 853 3553 951 3659; x_wconf 91' lang='lat' dir='ltr'><strong>oapt</strong></span> <span class='ocrx_word' id='word_1_84' title='bbox 953 3567 1023 3627; x_wconf 95' lang='lat' dir='ltr'><strong>um</strong></span> <span class='ocrx_word' id='word_1_85' title='bbox 1062 3533 1191 3628; x_wconf 88' lang='lat' dir='ltr'><strong>fuisse</strong></span> <span class='ocrx_word' id='word_1_86' title='bbox 1234 3553 1283 3628; x_wconf 89' lang='lat' dir='ltr'><strong>ut</strong></span> <span class='ocrx_word' id='word_1_87' title='bbox 1323 3567 1418 3627; x_wconf 87' lang='lat' dir='ltr'><strong>eam</strong></span> 
     </span>
     <span class='ocr_line' id='line_1_14' title="bbox 288 3674 1416 3802; baseline 0.001 -34"><span class='ocrx_word' id='word_1_88' title='bbox 288 3677 486 3771; x_wconf 85' lang='lat' dir='ltr'><strong>ardenter</strong></span> <span class='ocrx_word' id='word_1_89' title='bbox 502 3708 698 3769; x_wconf 77' lang='lat' dir='ltr'><strong>exeruere</strong></span> <span class='ocrx_word' id='word_1_90' title='bbox 714 3674 933 3801; x_wconf 81' lang='lat' dir='ltr'><strong>coeperim,</strong></span> <span class='ocrx_word' id='word_1_91' title='bbox 951 3695 1124 3770; x_wconf 87' lang='lat' dir='ltr'><strong>auotore</strong></span> <span class='ocrx_word' id='word_1_92' title='bbox 1148 3697 1190 3770; x_wconf 94' lang='lat' dir='ltr'><strong>et</strong></span> <span class='ocrx_word' id='word_1_93' title='bbox 1213 3677 1416 3802; x_wconf 85' lang='lat' dir='ltr'><strong>magistro</strong></span> 
     </span>
     <span class='ocr_line' id='line_1_15' title="bbox 289 3813 1416 3945; baseline 0.002 -35"><span class='ocrx_word' id='word_1_94' title='bbox 289 3817 340 3912; x_wconf 90' lang='lat' dir='ltr'><strong>P.</strong></span> <span class='ocrx_word' id='word_1_95' title='bbox 377 3817 619 3912; x_wconf 82' lang='lat' dir='ltr'><strong>Innocentio</strong></span> <span class='ocrx_word' id='word_1_96' title='bbox 662 3817 893 3936; x_wconf 75' lang='lat' dir='ltr'><strong>Bianohio,</strong></span> <span class='ocrx_word' id='word_1_97' title='bbox 932 3818 1019 3912; x_wconf 90' lang='lat' dir='ltr'><strong>viro</strong></span> <span class='ocrx_word' id='word_1_98' title='bbox 1052 3813 1186 3913; x_wconf 86' lang='lat' dir='ltr'><strong>saneti</strong></span> <span class='ocrx_word' id='word_1_99' title='bbox 1221 3819 1416 3945; x_wconf 88' lang='lat' dir='ltr'><strong>propositi</strong></span> 
     </span>
     <span class='ocr_line' id='line_1_16' title="bbox 288 3961 1416 4118; baseline 0.002 -65"><span class='ocrx_word' id='word_1_100' title='bbox 288 3994 423 4118; x_wconf 91' lang='lat' dir='ltr'><strong>aeque</strong></span> <span class='ocrx_word' id='word_1_101' title='bbox 461 3992 513 4053; x_wconf 92' lang='lat' dir='ltr'><strong>ao</strong></span> <span class='ocrx_word' id='word_1_102' title='bbox 557 3961 661 4054; x_wconf 91' lang='lat' dir='ltr'><strong>bene</strong></span> <span class='ocrx_word' id='word_1_103' title='bbox 695 3961 839 4080; x_wconf 80' lang='lat' dir='ltr'><strong>dooto,</strong></span> <span class='ocrx_word' id='word_1_104' title='bbox 878 3961 997 4055; x_wconf 87' lang='lat' dir='ltr'><strong>ouius</strong></span> <span class='ocrx_word' id='word_1_105' title='bbox 1037 3994 1249 4087; x_wconf 93' lang='lat' dir='ltr'><strong>nunquam</strong></span> <span class='ocrx_word' id='word_1_106' title='bbox 1292 3983 1416 4088; x_wconf 85' lang='lat' dir='ltr'><strong>grato</strong></span> 
     </span>
     <span class='ocr_line' id='line_1_17' title="bbox 289 4101 1416 4229; baseline 0 -33"><span class='ocrx_word' id='word_1_107' title='bbox 289 4104 427 4198; x_wconf 92' lang='lat' dir='ltr'><strong>animo</strong></span> <span class='ocrx_word' id='word_1_108' title='bbox 445 4137 524 4198; x_wconf 94' lang='lat' dir='ltr'><strong>non</strong></span> <span class='ocrx_word' id='word_1_109' title='bbox 542 4103 811 4198; x_wconf 80' lang='lat' dir='ltr'><strong>recordabor.</strong></span> <span class='ocrx_word' id='word_1_110' title='bbox 828 4101 913 4197; x_wconf 88' lang='lat' dir='ltr'><strong>Sed</strong></span> <span class='ocrx_word' id='word_1_111' title='bbox 931 4102 1027 4196; x_wconf 93' lang='lat' dir='ltr'><strong>mihi</strong></span> <span class='ocrx_word' id='word_1_112' title='bbox 1050 4124 1145 4229; x_wconf 87' lang='lat' dir='ltr'><strong>post</strong></span> <span class='ocrx_word' id='word_1_113' title='bbox 1147 4137 1197 4196; x_wconf 91' lang='lat' dir='ltr'><strong>ea</strong></span> <span class='ocrx_word' id='word_1_114' title='bbox 1220 4124 1260 4198; x_wconf 89' lang='lat' dir='ltr'><strong>st</strong></span> <span class='ocrx_word' id='word_1_115' title='bbox 1243 4104 1369 4198; x_wconf 89' lang='lat' dir='ltr'><strong>tudiis</strong></span> <span class='ocrx_word' id='word_1_116' title='bbox 1391 4137 1416 4196; x_wconf 89' lang='lat' dir='ltr'><strong>a</strong></span> 
     </span>
     <span class='ocr_line' id='line_1_18' title="bbox 290 4245 1418 4374; baseline 0.001 -36"><span class='ocrx_word' id='word_1_117' title='bbox 290 4246 419 4340; x_wconf 91' lang='lat' dir='ltr'><strong>musis</strong></span> <span class='ocrx_word' id='word_1_118' title='bbox 442 4247 562 4374; x_wconf 86' lang='lat' dir='ltr'><strong>plane</strong></span> <span class='ocrx_word' id='word_1_119' title='bbox 585 4245 729 4340; x_wconf 86' lang='lat' dir='ltr'><strong>alienis</strong></span> <span class='ocrx_word' id='word_1_120' title='bbox 749 4246 904 4339; x_wconf 91' lang='lat' dir='ltr'><strong>distt</strong></span> <span class='ocrx_word' id='word_1_121' title='bbox 816 4265 904 4339; x_wconf 90' lang='lat' dir='ltr'><strong>tten</strong></span> <span class='ocrx_word' id='word_1_122' title='bbox 906 4279 946 4365; x_wconf 73' lang='grc' dir='ltr'><strong>ο,</strong></span> <span class='ocrx_word' id='word_1_123' title='bbox 965 4247 1115 4341; x_wconf 88' lang='lat' dir='ltr'><strong>nedum</strong></span> <span class='ocrx_word' id='word_1_124' title='bbox 1137 4279 1287 4340; x_wconf 88' lang='lat' dir='ltr'><strong>versus</strong></span> <span class='ocrx_word' id='word_1_125' title='bbox 1304 4247 1418 4340; x_wconf 90' lang='lat' dir='ltr'><strong>sori-</strong></span> 
     </span>
     <span class='ocr_line' id='line_1_19' title="bbox 291 4389 1417 4516; baseline 0 -35"><span class='ocrx_word' id='word_1_126' title='bbox 291 4389 462 4508; x_wconf 92' lang='lat' dir='ltr'><strong>berem</strong></span> <span class='ocrx_word' id='word_1_127' title='bbox 484 4390 590 4484; x_wconf 84' lang='lat' dir='ltr'><strong>mult</strong></span> <span class='ocrx_word' id='word_1_128' title='bbox 574 4409 662 4484; x_wconf 91' lang='lat' dir='ltr'><strong>tum</strong></span> <span class='ocrx_word' id='word_1_129' title='bbox 692 4421 792 4482; x_wconf 88' lang='lat' dir='ltr'><strong>sane</strong></span> <span class='ocrx_word' id='word_1_130' title='bbox 825 4410 943 4510; x_wconf 91' lang='lat' dir='ltr'><strong>erat</strong></span> <span class='ocrx_word' id='word_1_131' title='bbox 977 4390 1010 4484; x_wconf 94' lang='lat' dir='ltr'><strong>si</strong></span> <span class='ocrx_word' id='word_1_132' title='bbox 1043 4409 1134 4484; x_wconf 90' lang='lat' dir='ltr'><strong>ttan</strong></span> <span class='ocrx_word' id='word_1_133' title='bbox 1137 4424 1207 4484; x_wconf 93' lang='lat' dir='ltr'><strong>um</strong></span> <span class='ocrx_word' id='word_1_134' title='bbox 1236 4389 1417 4516; x_wconf 87' lang='lat' dir='ltr'><strong>quotidie</strong></span> 
     </span>
     <span class='ocr_line' id='line_1_20' title="bbox 288 4530 1417 4658; baseline -0.003 -34"><span class='ocrx_word' id='word_1_135' title='bbox 288 4531 564 4658; x_wconf 86' lang='lat' dir='ltr'><strong>superfuisset</strong></span> <span class='ocrx_word' id='word_1_136' title='bbox 595 4530 792 4658; x_wconf 89' lang='lat' dir='ltr'><strong>temporis</strong></span> <span class='ocrx_word' id='word_1_137' title='bbox 824 4566 907 4657; x_wconf 95' lang='lat' dir='ltr'><strong>quo</strong></span> <span class='ocrx_word' id='word_1_138' title='bbox 943 4530 1214 4658; x_wconf 84' lang='lat' dir='ltr'><strong>Virgilium</strong></span> <span class='ocrx_word' id='word_1_139' title='bbox 1205 4564 1243 4623; x_wconf 90' lang='lat' dir='ltr'><strong>m</strong></span> <span class='ocrx_word' id='word_1_140' title='bbox 1278 4531 1417 4657; x_wconf 89' lang='lat' dir='ltr'><strong>primis</strong></span> 
     </span>
    </p>
   </div>
   <div class='ocr_carea' id='block_1_3' title="bbox 0 0 1786 5376">
    <p class='ocr_par' dir='ltr' id='par_1_3' title="bbox 0 0 1786 5376">
     <span class='ocr_line' id='line_1_21' title="bbox 0 0 1786 5376; baseline 0 0"><span class='ocrx_word' id='word_1_141' title='bbox 0 0 1786 5376; x_wconf 95' lang='lat' dir='ltr'><strong> </strong></span> 
     </span>
    </p>
   </div>
  </div>
 </body>
</html>
