3472 5360
623 521 626 527 ‘
652 538 763 594 urana
786 536 964 591 snovuovs
1349 522 1405 588 191
1509 523 1513 529 “

313 662 425 732 Effera
445 661 671 731 christiadum
694 664 835 748 gentem
859 659 997 728 molitur
1020 661 1056 727 in
1079 677 1232 729 omnem:

203 788 268 855 235
311 785 409 855 Haud
430 803 527 854 000110
547 786 711 873 accipiter
733 785 818 856 caeli
841 802 861 853 0
884 784 1079 870 regionibus
1100 783 1196 867 altis,

312 911 430 980 Cernit
451 911 508 979 nbi
531 910 575 979 ad
597 912 719 980 turrim
741 911 926 981 volitantes
950 909 1036 978 forte
1059 909 1248 994 columbas,

314 1033 433 1116 broit,
456 1035 491 1102 01
515 1036 623 1108 100110
646 1033 785 1103 miseras
805 1035 908 1119 atque
932 1050 1046 1119 ungue
1068 1033 1211 1100 laoemit.

315 1159 471 1226 Tortores
493 1159 619 1242 urgent
647 1175 751 1226 saeva
773 1159 809 1226 et
830 1159 1003 1225 tormenta
1025 1156 1208 1225 minantur.

401 1282 464 1349 Hic
487 1283 582 1351 artum
604 1283 693 1351 totos
715 1283 867 1352 obtectos
890 1281 977 1368 pelle
1001 1281 1150 1351 ferarum

204 1407 269 1473 240
313 1403 539 1488 christiadum
561 1403 695 1472 laniant
717 1404 839 1472 immiti
861 1404 965 1472 dente
989 1403 1139 1472 molossi:

315 1531 377 1599 Hic
399 1530 497 1616 tigris
518 1529 714 1617 libycumque
739 1531 791 1599 leo
813 1532 912 1598 vorat
934 1546 993 1597 ore
1016 1531 1157 1599 cruento

316 1655 488 1744 Reliquias
510 1660 614 1744 atque
636 1673 713 1725 ossa
734 1656 888 1743 tepentia
910 1655 1077 1742 sangiune
1101 1655 1215 1724 multo.

316 1782 422 1868 Impia
443 1780 538 1868 plebs
559 1780 687 1850 circum
709 1797 932 1868 proceresque
955 1780 1074 1848 sedilia
1096 1780 1285 1866 complent,

318 1908 416 1975 :tstat
437 1910 474 1975 et
496 1907 566 1992 ipse
590 1905 697 1974 Nero:
721 1906 849 1977 erudeli
871 1905 1002 1973 lumina
1024 1905 1096 1972 risu

206 2035 272 2100 215
317 2031 451 2118 11101011
475 2035 667 2118 nequeunt,
691 2031 762 2100 alto
785 2031 933 2100 clamore
954 2033 1143 2118 sequuntur

315 2160 357 2226 Et
378 2159 521 2244 strepitu
528 2176 538 2241 3
562 2158 690 2244 qualis,
714 2157 805 2227 celsa
826 2157 867 2225 de
890 2160 990 2226 caute
1013 2157 1153 2226 Velinus

316 2283 545 2352 Procumbens
566 2300 748 2369 praeceps,
771 2283 905 2368 ingenti
928 2301 1100 2351 murmure
1124 2285 1243 2369 mugit.

315 2410 426 2476 Tanta
448 2409 539 2477 inter
561 2410 734 2476 tormenta
756 2408 792 2476 01
813 2407 907 2476 dirae
930 2407 1054 2477 lunera
1075 2409 1189 2477 caedis

317 2535 388 2604 Neo
410 2535 548 2620 questus
570 2533 649 2602 10111
671 2513 861 2620 gemitusve
884 2552 904 2602 e
926 2536 1063 2620 pectore
1086 2535 1229 2620 rumpit,

208 2661 272 2727 '250
316 2659 387 2726 Nec
408 2659 532 2726 stridor
554 2658 687 2739 caelum
709 2657 790 2734 ferit
811 2661 873 2726 aut
893 2658 1098 2727 morientum
1122 2656 1278 2728 ululatus.

316 2786 380 2856 Sed
401 2787 429 2856 si
452 2785 566 2854 vincla
586 2787 718 2871 sinant,
742 2786 867 2856 iunctis
887 2787 931 2854 ad
954 2789 1094 2874 pectora
1117 2786 1252 2873 palmis,

196 2949 200 2958 ·
317 2910 446 2980 Erectis
467 2913 569 2980 orant
591 2911 696 2980 oculis
718 2913 756 2979 01
777 2911 903 2998 poplite
925 2927 1039 2979 curvo.

318 3039 427 3124 Atque
450 3037 506 3105 alii
531 3037 659 3124 picibus
680 3037 744 3107 iusi
767 3055 913 3125 ceraque
936 3038 1091 3124 peruncti

317 3164 358 3231 Et
379 3163 516 3232 sudibus
538 3163 644 3232 vincti
667 3167 703 3232 et
725 3164 867 3250 praefixi
889 3165 1031 3252 guttura
1053 3165 1162 3247 terro,

206 3293 272 3390 2355
317 3293 383 3360 Per
404 3290 496 3359 vicos
518 3290 714 3379 plateasque
737 3294 773 3360 01
794 3293 895 3378 prata
916 3291 1064 3361 virentia
1086 3295 1176 3380 regis

315 3421 485 3486 immanes
507 3418 631 3486 ardent
650 3419 811 3487 nocturni
834 3419 870 3486 in
894 3419 1031 3486 luminis
1052 3439 1169 3503 usum,

317 3549 383 3614 ,1111
405 3545 465 3612 tini
487 3544 641 3613 crucibus
662 3545 859 3631 palmasque
881 3545 1049 3632 pedesque
1071 3547 1192 3628 forati,

315 3669 471 3740 lliffloiles
491 3671 638 3740 subeunt
660 3656 770 3742 obitus
792 3671 997 3759 crudumque
1020 3672 1179 3740 dolorem.

404 3796 558 3884 Undique
581 3797 723 3866 feralem
746 3816 849 3884 quum
871 3798 956 3866 daut
978 3797 1138 3867 incendia
1159 3799 1289 3881 lucem,

206 3927 271 3992 260
316 3925 492 4011 Tantaque
514 3923 553 3990 fit
574 3923 687 3992 clades
709 3923 839 4012 11101101
860 3943 938 3992 mea
960 3925 1072 3994 dicere
1096 3923 1228 4012 musa),

317 4053 389 4136 lpse
413 4051 502 4120 Nero
524 4049 634 4118 laetus
654 4069 717 4137 per
738 4050 818 4119 circi
840 4054 957 4137 septa,
988 4069 1048 4138 per
1069 4053 1185 4120 hortos

281 4247 283 4254 ,
316 4176 476 4243 invectus
496 4175 602 4243 rheda
623 4175 746 4244 laxatis
768 4175 840 4244 ibat
862 4176 1003 4246 habenis

315 4300 479 4387 Aurigam
500 4300 684 4382 simulans,
707 4301 811 4371 satiat
833 4318 897 4370 nec
920 4301 1053 4370 fletibus
1073 4319 1193 4383 aures,

316 4425 526 4513 Immanique
548 4426 662 4495 oculos
684 4426 758 4496 visu
779 4426 924 4496 crudelis
945 4428 1090 4512 hyaena

206 4549 272 4616 265
317 4548 363 4616 ht
385 4569 444 4617 vos
467 4550 602 4634 felices,
625 4549 760 4634 Sancti,
785 4569 931 4638 namque
953 4569 1074 4638 aspera
1097 4549 1201 4638 passis
