3576 5376
671 769 903 854 uuuele
938 773 1052 855 Vlll

603 975 858 1042 uvnuunus
892 973 1117 1042 rennues

774 1184 943 1196 *-

361 1569 423 1645 Qui
445 1569 594 1656 gemitus
615 1568 677 1636 alti
701 1568 846 1651 feriunt,
866 1563 926 1655 'qui
949 1570 1062 1640 sidera
1083 1574 1257 1659 planctum

448 1691 604 1760 Culmina
626 1690 707 1758 dum
729 1691 855 1759 montis
877 1691 950 1759 dira
972 1694 1114 1761 caterva
1135 1697 1244 1782 petiti

359 1815 450 1883 Exiit
471 1833 516 1882 en
540 1817 688 1882 matrum
708 1815 921 1900 solymorum
943 1833 963 1884 e
986 1817 1163 1886 moenibus
1184 1838 1332 1906 agmen,

447 1941 626 2010 Discissum
649 1943 777 2026 vestes,
801 1940 941 2027 pulvere
965 1945 1064 2029 turpe
1087 1963 1218 2027 comae3

292 2073 316 2137 5
360 2069 562 2155 ⁴irreptique
586 2085 692 2135 manu
714 2067 810 2153 pueri
834 2067 981 2136 clamore
1004 2074 1193 2154 sequuntur

449 2194 643 2275 Plorantes3
666 2193 777 2277 mugit
799 2194 983 2278 questubus
1003 2210 1105 2261 omne
1128 2194 1245 2262 solum.

362 2323 452 2388 Haeo
476 2319 554 2388 Iairi
576 2317 736 2399 uxorl1l;
760 2319 878 2386 natam
902 2319 1046 2386 crudelis
1067 2319 1197 2389 ademit

447 2444 555 2522 Mors,
579 2443 778 2510 immaturos
800 2443 891 2528 rupit
913 2447 1049 2510 clatra
1072 2443 1163 2512 dies:

359 2570 510 2638 Christus
532 2569 628 2637 adest
640 2620 649 2654 ,
674 2568 790 2637 turbas
811 2572 923 2649 arcet,
949 2571 1137 2656 dextraque
1161 2572 1350 2657 prehensa,

277 2701 315 2765 10
446 2697 570 2783 Surge,
594 2695 661 2778 ait,
684 2698 720 2763 et
743 2696 844 2763 matri
866 2695 1019 2764 redditur
1042 2696 1101 2764 illa
1122 2715 1213 2765 suae.

360 2825 499 2892 Horruit
520 2824 606 2891 haec
628 2821 788 2890 miseram
810 2821 957 2908 prolem,
981 2821 1125 2890 ludibria
1147 2824 1251 2891 Satan
1269 2826 1316 2908 12),

448 2951 612 3016 Evomere
635 2950 672 3015 et
693 2947 824 3016 saniem
846 2948 882 3016 et
904 2945 1062 3014 dentibus
1085 2947 1285 3032 inircmere;
1413 2931 1415 2938 ’

362 3076 460 3142 Nunc
483 3074 517 3140 in
541 3091 664 3159 aquae,
687 3089 780 3139 nunc
803 3072 840 3138 in
862 3073 991 3140 medios
1014 3073 1173 3141 iactarier
1194 3075 1304 3158 ignes:

448 3201 508 3268 Dia
530 3201 630 3267 sonat
651 3199 710 3267 sed
733 3217 817 3282 vox,
840 3198 934 3266 ilicet
956 3199 1062 3266 hostis
1084 3200 1164 3267 abit

277 3329 316 3394 15
360 3328 456 3394 Hanc
478 3325 591 3412 rapuit
613 3327 705 3393 lesus
726 3325 1003 3411 ignominiaeque
1027 3325 1188 3410 necique,

447 3451 541 3526 Quae
564 3449 654 3534 rupit
676 3449 759 3516 casti
784 3448 921 3517 loedera
944 3450 1115 3534 coniugii:

360 3577 459 3644 Plebs
480 3576 578 3644 ardet
590 3593 599 3658 ;
623 3575 724 3642 Mosis
746 3575 820 3644 lieri
844 3575 1008 3644 mandata
1031 3576 1194 3663 reposcit,

448 3703 538 3770 Saxa
559 3705 703 3787 parant,
726 3703 833 3770 Heros
855 3702 995 3788 pulvere
1020 3703 1124 3771 verba
1147 3707 1261 3789 notat,

362 3827 403 3894 Et
424 3827 556 3894 subdit:
581 3828 741 3893 Vestrum
764 3827 912 3912 quisquis
933 3828 978 3893 sit
1000 3827 1151 3895 criminis
1173 3847 1312 3915 erpere,

273 3953 316 4018 20
449 3951 510 4018 Eia
531 3951 678 4034 agedum
702 3951 826 4036 primos
850 3951 981 4019 inliciat
1002 3951 1140 4038 lapidee.

358 4078 488 4146 Cuncta
509 4077 633 4160 silent,
658 4076 772 4146 abiere
795 4095 934 4158 omnm,
958 4081 1094 4146 servata
1117 4078 1260 4164 periclo,

446 4201 592 4269 Virtutis
613 4203 726 4270 tutum
748 4201 876 4271 femina
899 4201 1009 4288 carpit
1030 4203 1097 4269 iter
1119 4203 1160 4269 13).

359 4327 417 4396 Fet
438 4331 475 4394 ct
496 4345 584 4412 quae
607 4326 749 4413 mulier,
773 4329 841 4395 iarn
864 4327 988 4396 multos
1009 4345 1115 4395 curva
1136 4347 1198 4415 per
1220 4349 1350 4412 annos,

446 4450 499 4517 Ad
521 4451 676 4536 caelum,
700 4452 837 4536 infelix,
861 4453 992 4521 lumina
1014 4453 1102 4520 serre
1126 4455 1265 4540 nequit:

270 4579 314 4644 25
358 4581 455 4646 Hanc
477 4580 520 4646 ad
542 4598 579 4648 se
601 4579 753 4648 Christus
776 4581 826 4647 nil
847 4584 1070 4667 quaerentem
1093 4583 1239 4652 advocat
1261 4584 1368 4666 ultro;

445 4703 506 4769 Illa
528 4703 643 4770 statim
667 4708 781 4771 erecto
803 4704 1057 4790 praedicatore
1081 4709 1186 4774 Deum
1196 4708 1237 4774 14).
