3564 5376
336 449 374 514 12
803 461 1065 512 urcnnnnnrnos

441 590 618 676 Anguibus
640 591 763 658 arrecti
786 593 997 676 exuperant:
1020 608 1124 676 qnam
1147 591 1245 674 turpe
1268 587 1394 656 videri!

441 716 548 802 Saepe
572 715 689 784 furens
711 716 839 784 medios
861 716 952 784 inter
974 716 1187 803 compellitur
1209 715 1327 799 ignes,

248 815 255 820 ’
335 841 396 908 140
440 841 547 926 Saepe
570 840 662 908 inter
684 840 837 926 scopulos
858 840 1069 926 abruptaque
1091 857 1174 907 saxa
1197 838 1297 906 ruina

442 965 645 1052 Praecipiti,
669 965 822 1033 multane
844 965 936 1034 iacet
957 966 1136 1052 resupinus
1156 981 1273 1067 arena

443 1089 530 1167 Quid
552 1091 712 1158 miseram
733 1093 880 1159 matrem
901 1091 1075 1159 reseram?
1097 1109 1185 1178 quae
1208 1109 1291 1158 cura
1313 1089 1374 1156 snb
1397 1088 1464 1154 imo

443 1219 585 1284 Pectore
606 1233 711 1284 saeva
732 1218 870 1285 manet!
894 1219 978 1303 quot
999 1219 1031 1284 ei
1053 1217 1217 1303 suspiria,
1241 1217 1388 1302 quotque

444 1343 606 1426 Ingentes
627 1341 805 1411 lacrimae!
830 1343 995 1428 templum
1018 1345 1102 1428 quot
1123 1342 1297 1429 questibus
1317 1337 1456 1425 implet!

329 1471 398 1536 ’115
442 1470 677 1556 caelestesque
702 1488 822 1539 omnes
843 1473 999 1564 precibus
1022 1471 1176 1558 votisque
1199 1467 1343 1553 fatigat!

444 1598 489 1662 Te
512 1575 667 1682 quoque,
691 1597 748 1664 dia
769 1599 921 1679 Parens,
945 1595 1028 1664 adiit
1050 1595 1242 1664 tristissima
1262 1592 1384 1680 palmis

441 1720 651 1807 Supplicibus
671 1719 730 1808 piri
751 1722 841 1789 dona
864 1721 997 1804 serens,
1021 1724 1189 1808 argentea
1210 1721 1331 1806 sigua,

442 1841 673 1910 Flammantes
694 1859 810 1926 ceras,
833 1861 996 1930 roseoque
1019 1861 1039 1912 5
1062 1841 1143 1910 llore
1165 1839 1332 1910 corollas!

443 1967 531 2052 Ergo
553 1969 610 2035 ubi
633 1968 727 2055 plebs
748 1970 855 2038 effusa
878 1970 1039 2057 frequens
1062 1970 1202 2038 festinat
1223 1968 1267 2036 ad
1288 1969 1428 2033 antrum

338 2093 399 2159 150
445 2093 638 2178 Arcanum,
662 2095 796 2164 iuvenis
818 2097 975 2164 manibus
995 2113 1128 2182 quoque
1152 2093 1260 2162 fertur
1281 2091 1407 2160 amicis

446 2220 574 2286 Moesta
595 2219 704 2304 subit,
727 2222 786 2288 sed
810 2221 878 2288 fida
900 2239 1045 2307 parcns;
1067 2221 1193 2290 sensim
1217 2218 1341 2287 insidet
1361 2216 1441 2284 altis

445 2343 527 2428 Spes
549 2344 683 2412 insueta
705 2346 850 2430 animis,
874 2350 910 2414 51
933 2348 1044 2415 1115115
1066 2349 1207 2433 pectora
1229 2345 1323 2413 lenit.

444 2467 595 2552 Gargani
619 2470 801 2554 peregrina
823 2470 943 2538 cohors
964 2471 1063 2538 simul
1086 2470 1204 2555 attigit
1225 2472 1381 2548 antrum,

447 2590 577 2676 Aspicit
597 2593 680 2660 ante
703 2593 854 2677 editum,
877 2594 970 2662 dictu
993 2592 1165 2661 mirabile!
1191 2592 1306 2679 pronis

230 2721 234 2730 ’
342 2715 403 2780 155
448 2715 632 2783 Demissum
654 2719 819 2800 genibus,
842 2719 952 2804 posita
974 2719 1131 2800 feritate,
1155 2719 1354 2796 iuvencum3

449 2838 609 2924 Bethlaeo
631 2843 671 2909 ut
691 2843 845 2922 stabulo,
868 2844 1038 2928 proiectus
1059 2845 1193 2912 Numen
1214 2842 1343 2911 adorat.

446 2965 603 3032 Cernitur
623 2968 726 3052 atque
749 2967 841 3035 aliud
864 2969 1003 3050 mirnm;
1028 2987 1173 3056 namque
1197 2968 1287 3035 illico
1310 2983 1430 3033 sanum

447 3089 651 3158 Arcitenens
672 3093 788 3178 stupet
809 3093 900 3160 haud
922 3093 990 3161 ullo
1013 3093 1237 3162 medicamine
1262 3091 1402 3171 vulnus;

449 3214 549 3285 Exilit
571 3223 607 3286 et
629 3221 752 3305 populo
775 3240 956 3290 occurrens
978 3223 1036 3309 pia
1056 3221 1183 3308 gaudia
1207 3219 1342 3300 miscet,

344 3342 404 3406 160
450 3341 666 3430 Eventusque
689 3345 738 3412 illi
760 3347 911 3434 Gargani
935 3347 1075 3416 nomina
1097 3347 1186 3414 iecit

536 3469 728 3553 Ingreditur
750 3472 841 3557 prior
862 3473 1027 3558 antistes,
1051 3489 1153 3559 quem
1175 3488 1264 3558 pone
1286 3470 1404 3538 secuta
1426 3468 1479 3534 est

448 3593 571 3661 Cetera
592 3596 712 3679 turba,
736 3597 811 3664 cavi
834 3601 1020 3684 penetrant
1041 3601 1078 3666 et
1099 3599 1231 3664 viscera
1252 3595 1393 3663 montis:

450 3719 543 3784 Tunc
564 3720 726 3804 obscura,
750 3721 911 3804 horrens,
937 3723 1135 3792 salientibus
1156 3740 1278 3808 aspera
1298 3719 1389 3788 saxis

450 3843 618 3928 Spelunca
639 3846 821 3932 aspicitur,
845 3848 904 3915 sed
928 3847 1037 3916 forma
1058 3847 1230 3916 simillima
1253 3845 1399 3931 templo;

344 3966 406 4032 165
450 3966 610 4037 Cautibus
632 3988 653 4038 5
675 3971 762 4040 vivis
784 3973 894 4057 paries
915 3972 1011 4059 quasi
1034 3973 1197 4057 fingitur,
1221 3972 1314 4039 intus

452 4093 542 4162 Lene
565 4095 673 4163 solum
696 4099 732 4164 et
754 4097 861 4164 veluti
883 4099 1092 4166 cameratum
1115 4098 1150 4164 in
1174 4115 1257 4183 rupe
1280 4097 1431 4165 lacunar.

452 4217 513 4284 Hic
538 4221 645 4288 maius
667 4224 856 4290 monstrum
879 4222 1052 4294 obiicitur.
1074 4239 1153 4288 cum
1175 4240 1346 4290 marmore
1368 4221 1506 4308 plantae

453 4344 645 4430 Insculptae
668 4346 751 4414 duro
773 4350 962 4433 apparent,
985 4345 1183 4429 crystallina
1206 4345 1314 4432 fulget

451 4467 541 4536 Crux
563 4473 600 4537 et
623 4473 799 4557 purpureis
821 4475 994 4540 constrata
1015 4470 1139 4537 altaria
1162 4471 1262 4553 linis,
1289 4500 1299 4508 ·
