<?xml version="1.0" encoding="UTF-8"?>
<!DOCTYPE html PUBLIC "-//W3C//DTD XHTML 1.0 Transitional//EN"
    "http://www.w3.org/TR/xhtml1/DTD/xhtml1-transitional.dtd">
<html xmlns="http://www.w3.org/1999/xhtml" xml:lang="en" lang="en">
 <head>
  <title>
</title>
<meta http-equiv="Content-Type" content="text/html;charset=utf-8" />
  <meta name='ocr-system' content='tesseract 3.04.00' />
  <meta name='ocr-capabilities' content='ocr_page ocr_carea ocr_par ocr_line ocrx_word'/>
</head>
<body>
  <div class='ocr_page' id='page_1' title='image "./carmina00morigoog_0090.png"; bbox 0 0 3564 5376; ppageno 0'>
   <div class='ocr_carea' id='block_1_1' title="bbox 684 549 1423 630">
    <p class='ocr_par' dir='ltr' id='par_1_1' title="bbox 684 549 1423 630">
     <span class='ocr_line' id='line_1_1' title="bbox 684 549 1423 630; baseline 0.008 -24"><span class='ocrx_word' id='word_1_1' title='bbox 684 559 797 610; x_wconf 76' lang='lat' dir='ltr'><strong>crena</strong></span> <span class='ocrx_word' id='word_1_2' title='bbox 819 561 954 630; x_wconf 78' lang='lat' dir='ltr'><strong>rsrmvs</strong></span> <span class='ocrx_word' id='word_1_3' title='bbox 1379 549 1423 612; x_wconf 87' lang='lat'><strong>85</strong></span> 
     </span>
    </p>
   </div>
   <div class='ocr_carea' id='block_1_2' title="bbox 235 686 1328 4650">
    <p class='ocr_par' dir='ltr' id='par_1_2' title="bbox 235 686 1328 4650">
     <span class='ocr_line' id='line_1_2' title="bbox 323 686 1248 774; baseline 0.002 -21"><span class='ocrx_word' id='word_1_4' title='bbox 323 687 410 754; x_wconf 89' lang='lat' dir='ltr'><strong>Hinc</strong></span> <span class='ocrx_word' id='word_1_5' title='bbox 433 689 536 773; x_wconf 86' lang='lat' dir='ltr'><strong>atque</strong></span> <span class='ocrx_word' id='word_1_6' title='bbox 557 687 638 755; x_wconf 89' lang='lat' dir='ltr'><strong>inde</strong></span> <span class='ocrx_word' id='word_1_7' title='bbox 661 686 734 773; x_wconf 86' lang='lat' dir='ltr'><strong>pari</strong></span> <span class='ocrx_word' id='word_1_8' title='bbox 756 687 871 774; x_wconf 91' lang='lat' dir='ltr'><strong>populi</strong></span> <span class='ocrx_word' id='word_1_9' title='bbox 893 689 975 755; x_wconf 88' lang='lat' dir='ltr'><strong>sunt</strong></span> <span class='ocrx_word' id='word_1_10' title='bbox 997 687 1115 755; x_wconf 91' lang='lat' dir='ltr'><strong>ordine</strong></span> <span class='ocrx_word' id='word_1_11' title='bbox 1142 689 1248 756; x_wconf 88' lang='lat' dir='ltr'><strong>sedes.</strong></span> 
     </span>
     <span class='ocr_line' id='line_1_3' title="bbox 325 811 1315 900; baseline 0.003 -21"><span class='ocrx_word' id='word_1_12' title='bbox 325 814 416 881; x_wconf 88' lang='lat' dir='ltr'><strong>Dura</strong></span> <span class='ocrx_word' id='word_1_13' title='bbox 436 811 522 882; x_wconf 85' lang='lat' dir='ltr'><strong>silex</strong></span> <span class='ocrx_word' id='word_1_14' title='bbox 544 812 617 896; x_wconf 91' lang='lat' dir='ltr'><strong>hic,</strong></span> <span class='ocrx_word' id='word_1_15' title='bbox 644 815 928 900; x_wconf 90' lang='lat' dir='ltr'><strong>caementumque</strong></span> <span class='ocrx_word' id='word_1_16' title='bbox 952 813 1008 882; x_wconf 91' lang='lat' dir='ltr'><strong>hic</strong></span> <span class='ocrx_word' id='word_1_17' title='bbox 1030 812 1183 880; x_wconf 79' lang='lat' dir='ltr'><strong>structile</strong></span> <span class='ocrx_word' id='word_1_18' title='bbox 1205 813 1315 898; x_wconf 81' lang='lat' dir='ltr'><strong>surgit</strong></span> 
     </span>
     <span class='ocr_line' id='line_1_4' title="bbox 235 935 1328 1022; baseline 0.005 -22"><span class='ocrx_word' id='word_1_19' title='bbox 235 937 280 1001; x_wconf 87' lang='grc'><strong>40</strong></span> <span class='ocrx_word' id='word_1_20' title='bbox 323 936 455 1003; x_wconf 84' lang='lat' dir='ltr'><strong>Circum</strong></span> <span class='ocrx_word' id='word_1_21' title='bbox 477 936 601 1022; x_wconf 91' lang='lat' dir='ltr'><strong>ingens</strong></span> <span class='ocrx_word' id='word_1_22' title='bbox 623 935 771 1002; x_wconf 90' lang='lat' dir='ltr'><strong>vallum:</strong></span> <span class='ocrx_word' id='word_1_23' title='bbox 794 936 985 1022; x_wconf 82' lang='lat' dir='ltr'><strong>Euphrates</strong></span> <span class='ocrx_word' id='word_1_24' title='bbox 1006 935 1172 1005; x_wconf 88' lang='lat' dir='ltr'><strong>interlluit</strong></span> <span class='ocrx_word' id='word_1_25' title='bbox 1192 939 1328 1021; x_wconf 91' lang='lat' dir='ltr'><strong>nrbem;</strong></span> 
     </span>
     <span class='ocr_line' id='line_1_5' title="bbox 325 1057 1272 1144; baseline 0.005 -21"><span class='ocrx_word' id='word_1_26' title='bbox 325 1059 516 1144; x_wconf 78' lang='lat' dir='ltr'><strong>Aggeribus</strong></span> <span class='ocrx_word' id='word_1_27' title='bbox 536 1057 739 1126; x_wconf 83' lang='lat' dir='ltr'><strong>cohibentur</strong></span> <span class='ocrx_word' id='word_1_28' title='bbox 760 1077 886 1144; x_wconf 89' lang='lat' dir='ltr'><strong>aquae,</strong></span> <span class='ocrx_word' id='word_1_29' title='bbox 910 1060 970 1126; x_wconf 88' lang='lat' dir='ltr'><strong>sed</strong></span> <span class='ocrx_word' id='word_1_30' title='bbox 993 1059 1147 1127; x_wconf 90' lang='lat' dir='ltr'><strong>ductibus</strong></span> <span class='ocrx_word' id='word_1_31' title='bbox 1169 1061 1272 1128; x_wconf 88' lang='lat' dir='ltr'><strong>aedes</strong></span> 
     </span>
     <span class='ocr_line' id='line_1_6' title="bbox 324 1183 1313 1273; baseline 0.001 -21"><span class='ocrx_word' id='word_1_32' title='bbox 324 1187 522 1272; x_wconf 84' lang='lat' dir='ltr'><strong>Exuperant</strong></span> <span class='ocrx_word' id='word_1_33' title='bbox 546 1201 713 1266; x_wconf 90' lang='lat' dir='ltr'><strong>summas,</strong></span> <span class='ocrx_word' id='word_1_34' title='bbox 748 1183 976 1270; x_wconf 87' lang='lat' dir='ltr'><strong>viridariaque</strong></span> <span class='ocrx_word' id='word_1_35' title='bbox 999 1187 1115 1254; x_wconf 85' lang='lat' dir='ltr'><strong>addita</strong></span> <span class='ocrx_word' id='word_1_36' title='bbox 1137 1189 1313 1273; x_wconf 91' lang='lat' dir='ltr'><strong>spargunt.</strong></span> 
     </span>
     <span class='ocr_line' id='line_1_7' title="bbox 326 1308 1166 1397; baseline 0.002 -21"><span class='ocrx_word' id='word_1_37' title='bbox 326 1310 490 1378; x_wconf 86' lang='lat' dir='ltr'><strong>Planities</strong></span> <span class='ocrx_word' id='word_1_38' title='bbox 512 1311 639 1378; x_wconf 90' lang='lat' dir='ltr'><strong>circum</strong></span> <span class='ocrx_word' id='word_1_39' title='bbox 663 1308 877 1394; x_wconf 86' lang='lat' dir='ltr'><strong>protenditur</strong></span> <span class='ocrx_word' id='word_1_40' title='bbox 899 1328 1047 1397; x_wconf 89' lang='lat' dir='ltr'><strong>aequore</strong></span> <span class='ocrx_word' id='word_1_41' title='bbox 1071 1314 1166 1379; x_wconf 84' lang='lat' dir='ltr'><strong>vasto</strong></span> 
     </span>
     <span class='ocr_line' id='line_1_8' title="bbox 327 1434 1269 1521; baseline 0 -19"><span class='ocrx_word' id='word_1_42' title='bbox 327 1434 470 1502; x_wconf 84' lang='lat' dir='ltr'><strong>Roscida</strong></span> <span class='ocrx_word' id='word_1_43' title='bbox 491 1435 630 1521; x_wconf 90' lang='lat' dir='ltr'><strong>ubique,</strong></span> <span class='ocrx_word' id='word_1_44' title='bbox 654 1435 787 1516; x_wconf 89' lang='lat' dir='ltr'><strong>nitens,</strong></span> <span class='ocrx_word' id='word_1_45' title='bbox 811 1434 971 1502; x_wconf 86' lang='lat' dir='ltr'><strong>viridanti</strong></span> <span class='ocrx_word' id='word_1_46' title='bbox 992 1435 1112 1504; x_wconf 81' lang='lat' dir='ltr'><strong>fertilis</strong></span> <span class='ocrx_word' id='word_1_47' title='bbox 1133 1437 1269 1504; x_wconf 89' lang='lat' dir='ltr'><strong>umbra:</strong></span> 
     </span>
     <span class='ocr_line' id='line_1_9' title="bbox 236 1559 1255 1644; baseline 0.002 -18"><span class='ocrx_word' id='word_1_48' title='bbox 236 1560 280 1626; x_wconf 80' lang='lat'><strong>45</strong></span> <span class='ocrx_word' id='word_1_49' title='bbox 326 1561 413 1627; x_wconf 90' lang='lat' dir='ltr'><strong>Nam</strong></span> <span class='ocrx_word' id='word_1_50' title='bbox 436 1560 584 1628; x_wconf 90' lang='lat' dir='ltr'><strong>tumidus</strong></span> <span class='ocrx_word' id='word_1_51' title='bbox 605 1559 708 1628; x_wconf 89' lang='lat' dir='ltr'><strong>certis</strong></span> <span class='ocrx_word' id='word_1_52' title='bbox 730 1559 912 1629; x_wconf 92' lang='lat' dir='ltr'><strong>succrescit</strong></span> <span class='ocrx_word' id='word_1_53' title='bbox 935 1561 1106 1629; x_wconf 89' lang='lat' dir='ltr'><strong>mensibus</strong></span> <span class='ocrx_word' id='word_1_54' title='bbox 1128 1562 1255 1644; x_wconf 90' lang='lat' dir='ltr'><strong>amnis,</strong></span> 
     </span>
     <span class='ocr_line' id='line_1_10' title="bbox 326 1682 1113 1770; baseline 0.004 -21"><span class='ocrx_word' id='word_1_55' title='bbox 326 1685 368 1752; x_wconf 92' lang='lat' dir='ltr'><strong>Et</strong></span> <span class='ocrx_word' id='word_1_56' title='bbox 387 1684 493 1752; x_wconf 91' lang='lat' dir='ltr'><strong>siccos</strong></span> <span class='ocrx_word' id='word_1_57' title='bbox 514 1683 632 1770; x_wconf 90' lang='lat' dir='ltr'><strong>pingui</strong></span> <span class='ocrx_word' id='word_1_58' title='bbox 656 1702 794 1769; x_wconf 91' lang='lat' dir='ltr'><strong>campos</strong></span> <span class='ocrx_word' id='word_1_59' title='bbox 816 1682 978 1750; x_wconf 81' lang='lat' dir='ltr'><strong>fecundat</strong></span> <span class='ocrx_word' id='word_1_60' title='bbox 999 1700 1113 1752; x_wconf 80' lang='lat' dir='ltr'><strong>arena</strong></span> 
     </span>
     <span class='ocr_line' id='line_1_11' title="bbox 325 1808 1269 1896; baseline 0.003 -19"><span class='ocrx_word' id='word_1_61' title='bbox 325 1811 412 1879; x_wconf 91' lang='lat' dir='ltr'><strong>Hinc</strong></span> <span class='ocrx_word' id='word_1_62' title='bbox 432 1829 566 1878; x_wconf 86' lang='lat' dir='ltr'><strong>sesama</strong></span> <span class='ocrx_word' id='word_1_63' title='bbox 587 1811 624 1878; x_wconf 90' lang='lat' dir='ltr'><strong>et</strong></span> <span class='ocrx_word' id='word_1_64' title='bbox 645 1810 758 1896; x_wconf 91' lang='lat' dir='ltr'><strong>spissis</strong></span> <span class='ocrx_word' id='word_1_65' title='bbox 777 1808 964 1878; x_wconf 83' lang='lat' dir='ltr'><strong>flavescunt</strong></span> <span class='ocrx_word' id='word_1_66' title='bbox 986 1811 1148 1878; x_wconf 86' lang='lat' dir='ltr'><strong>messibus</strong></span> <span class='ocrx_word' id='word_1_67' title='bbox 1169 1831 1269 1894; x_wconf 87' lang='lat' dir='ltr'><strong>arva,</strong></span> 
     </span>
     <span class='ocr_line' id='line_1_12' title="bbox 324 1933 1180 2023; baseline 0.005 -23"><span class='ocrx_word' id='word_1_68' title='bbox 324 1935 410 2002; x_wconf 89' lang='lat' dir='ltr'><strong>Hinc</strong></span> <span class='ocrx_word' id='word_1_69' title='bbox 432 1939 466 2003; x_wconf 84' lang='lat' dir='ltr'><strong>ot</strong></span> <span class='ocrx_word' id='word_1_70' title='bbox 488 1933 654 2020; x_wconf 90' lang='lat' dir='ltr'><strong>paniculis</strong></span> <span class='ocrx_word' id='word_1_71' title='bbox 675 1937 822 2004; x_wconf 85' lang='lat' dir='ltr'><strong>nutante</strong></span> <span class='ocrx_word' id='word_1_72' title='bbox 844 1934 1024 2002; x_wconf 85' lang='lat' dir='ltr'><strong>cacumine</strong></span> <span class='ocrx_word' id='word_1_73' title='bbox 1047 1935 1180 2023; x_wconf 86' lang='lat' dir='ltr'><strong>fruges,</strong></span> 
     </span>
     <span class='ocr_line' id='line_1_13' title="bbox 324 2057 1290 2148; baseline 0.004 -21"><span class='ocrx_word' id='word_1_74' title='bbox 324 2062 367 2127; x_wconf 92' lang='lat' dir='ltr'><strong>Et</strong></span> <span class='ocrx_word' id='word_1_75' title='bbox 386 2058 552 2145; x_wconf 86' lang='lat' dir='ltr'><strong>gravidae</strong></span> <span class='ocrx_word' id='word_1_76' title='bbox 574 2057 698 2144; x_wconf 83' lang='lat' dir='ltr'><strong>passim</strong></span> <span class='ocrx_word' id='word_1_77' title='bbox 720 2061 871 2144; x_wconf 85' lang='lat' dir='ltr'><strong>segetes,</strong></span> <span class='ocrx_word' id='word_1_78' title='bbox 906 2059 943 2127; x_wconf 93' lang='lat' dir='ltr'><strong>et</strong></span> <span class='ocrx_word' id='word_1_79' title='bbox 965 2059 1103 2129; x_wconf 86' lang='lat' dir='ltr'><strong>brachia</strong></span> <span class='ocrx_word' id='word_1_80' title='bbox 1125 2061 1259 2148; x_wconf 85' lang='lat' dir='ltr'><strong>palmae</strong></span> <span class='ocrx_word' id='word_1_81' title='bbox 1288 2059 1290 2064; x_wconf 80' lang='grc'><strong>’</strong></span> 
     </span>
     <span class='ocr_line' id='line_1_14' title="bbox 235 2180 1205 2269; baseline 0.003 -21"><span class='ocrx_word' id='word_1_82' title='bbox 235 2182 280 2248; x_wconf 89' lang='grc'><strong>50</strong></span> <span class='ocrx_word' id='word_1_83' title='bbox 325 2183 538 2250; x_wconf 91' lang='lat' dir='ltr'><strong>Protendnnt</strong></span> <span class='ocrx_word' id='word_1_84' title='bbox 559 2183 718 2249; x_wconf 84' lang='lat' dir='ltr'><strong>umbrosa</strong></span> <span class='ocrx_word' id='word_1_85' title='bbox 740 2183 777 2248; x_wconf 89' lang='lat' dir='ltr'><strong>et</strong></span> <span class='ocrx_word' id='word_1_86' title='bbox 799 2180 972 2250; x_wconf 80' lang='lat' dir='ltr'><strong>coniferae</strong></span> <span class='ocrx_word' id='word_1_87' title='bbox 995 2183 1166 2269; x_wconf 90' lang='lat' dir='ltr'><strong>cyparissi.</strong></span> <span class='ocrx_word' id='word_1_88' title='bbox 1200 2204 1205 2214; x_wconf 82' lang='grc'>’</span> 
     </span>
     <span class='ocr_line' id='line_1_15' title="bbox 412 2303 1261 2390; baseline 0.005 -20"><span class='ocrx_word' id='word_1_89' title='bbox 412 2307 459 2371; x_wconf 85' lang='lat' dir='ltr'><strong>At</strong></span> <span class='ocrx_word' id='word_1_90' title='bbox 481 2321 550 2372; x_wconf 94' lang='lat' dir='ltr'><strong>non</strong></span> <span class='ocrx_word' id='word_1_91' title='bbox 572 2304 638 2371; x_wconf 88' lang='lat' dir='ltr'><strong>hae</strong></span> <span class='ocrx_word' id='word_1_92' title='bbox 662 2320 776 2371; x_wconf 91' lang='lat' dir='ltr'><strong>rerum</strong></span> <span class='ocrx_word' id='word_1_93' title='bbox 798 2303 928 2389; x_wconf 90' lang='lat' dir='ltr'><strong>species</strong></span> <span class='ocrx_word' id='word_1_94' title='bbox 949 2305 1104 2374; x_wconf 91' lang='lat' dir='ltr'><strong>solantur</strong></span> <span class='ocrx_word' id='word_1_95' title='bbox 1126 2309 1261 2390; x_wconf 90' lang='lat' dir='ltr'><strong>Iudam,</strong></span> 
     </span>
     <span class='ocr_line' id='line_1_16' title="bbox 324 2429 1128 2518; baseline 0.004 -21"><span class='ocrx_word' id='word_1_96' title='bbox 324 2429 462 2498; x_wconf 87' lang='lat' dir='ltr'><strong>Sedibus</strong></span> <span class='ocrx_word' id='word_1_97' title='bbox 482 2429 640 2498; x_wconf 84' lang='lat' dir='ltr'><strong>avulsum</strong></span> <span class='ocrx_word' id='word_1_98' title='bbox 661 2429 750 2497; x_wconf 90' lang='lat' dir='ltr'><strong>caris</strong></span> <span class='ocrx_word' id='word_1_99' title='bbox 777 2432 814 2496; x_wconf 94' lang='lat' dir='ltr'><strong>et</strong></span> <span class='ocrx_word' id='word_1_100' title='bbox 848 2433 1001 2516; x_wconf 84' lang='lat' dir='ltr'><strong>tempore</strong></span> <span class='ocrx_word' id='word_1_101' title='bbox 1025 2431 1128 2518; x_wconf 86' lang='lat' dir='ltr'><strong>longo</strong></span> 
     </span>
     <span class='ocr_line' id='line_1_17' title="bbox 324 2556 1246 2642; baseline 0.003 -18"><span class='ocrx_word' id='word_1_102' title='bbox 324 2559 535 2624; x_wconf 89' lang='lat' dir='ltr'><strong>Moerentem</strong></span> <span class='ocrx_word' id='word_1_103' title='bbox 564 2556 760 2642; x_wconf 84' lang='lat' dir='ltr'><strong>assyrioque</strong></span> <span class='ocrx_word' id='word_1_104' title='bbox 782 2556 975 2642; x_wconf 79' lang='lat' dir='ltr'><strong>agitantem</strong></span> <span class='ocrx_word' id='word_1_105' title='bbox 1009 2558 1107 2628; x_wconf 90' lang='lat' dir='ltr'><strong>litore</strong></span> <span class='ocrx_word' id='word_1_106' title='bbox 1131 2559 1246 2630; x_wconf 84' lang='lat' dir='ltr'><strong>vitam</strong></span> 
     </span>
     <span class='ocr_line' id='line_1_18' title="bbox 326 2681 1160 2769; baseline 0.005 -21"><span class='ocrx_word' id='word_1_107' title='bbox 326 2683 441 2750; x_wconf 89' lang='lat' dir='ltr'><strong>Mente</strong></span> <span class='ocrx_word' id='word_1_108' title='bbox 462 2682 559 2750; x_wconf 91' lang='lat' dir='ltr'><strong>sedet</strong></span> <span class='ocrx_word' id='word_1_109' title='bbox 581 2681 696 2750; x_wconf 83' lang='lat' dir='ltr'><strong>natale</strong></span> <span class='ocrx_word' id='word_1_110' title='bbox 718 2681 846 2762; x_wconf 90' lang='lat' dir='ltr'><strong>solum,</strong></span> <span class='ocrx_word' id='word_1_111' title='bbox 872 2683 1026 2751; x_wconf 85' lang='lat' dir='ltr'><strong>Iordanis</strong></span> <span class='ocrx_word' id='word_1_112' title='bbox 1047 2684 1160 2769; x_wconf 83' lang='lat' dir='ltr'><strong>imago</strong></span> 
     </span>
     <span class='ocr_line' id='line_1_19' title="bbox 236 2805 1253 2895; baseline 0.002 -21"><span class='ocrx_word' id='word_1_113' title='bbox 236 2809 282 2874; x_wconf 80' lang='lat'><strong>55</strong></span> <span class='ocrx_word' id='word_1_114' title='bbox 326 2807 488 2874; x_wconf 91' lang='lat' dir='ltr'><strong>Occursat</strong></span> <span class='ocrx_word' id='word_1_115' title='bbox 517 2805 726 2890; x_wconf 90' lang='lat' dir='ltr'><strong>memorique</strong></span> <span class='ocrx_word' id='word_1_116' title='bbox 758 2805 902 2874; x_wconf 80' lang='lat' dir='ltr'><strong>fluentes</strong></span> <span class='ocrx_word' id='word_1_117' title='bbox 921 2807 1060 2894; x_wconf 84' lang='lat' dir='ltr'><strong>gurgite</strong></span> <span class='ocrx_word' id='word_1_118' title='bbox 1083 2808 1253 2895; x_wconf 84' lang='lat' dir='ltr'><strong>lymphae.</strong></span> 
     </span>
     <span class='ocr_line' id='line_1_20' title="bbox 327 2931 1256 3018; baseline 0 -16"><span class='ocrx_word' id='word_1_119' title='bbox 327 2935 415 3013; x_wconf 93' lang='lat' dir='ltr'><strong>Vos,</strong></span> <span class='ocrx_word' id='word_1_120' title='bbox 438 2932 587 3018; x_wconf 84' lang='lat' dir='ltr'><strong>Ephrem</strong></span> <span class='ocrx_word' id='word_1_121' title='bbox 609 2931 728 3016; x_wconf 89' lang='lat' dir='ltr'><strong>colles,</strong></span> <span class='ocrx_word' id='word_1_122' title='bbox 753 2931 872 3000; x_wconf 86' lang='lat' dir='ltr'><strong>Libani</strong></span> <span class='ocrx_word' id='word_1_123' title='bbox 895 2951 955 3000; x_wconf 91' lang='lat' dir='ltr'><strong>vos</strong></span> <span class='ocrx_word' id='word_1_124' title='bbox 977 2933 1126 3001; x_wconf 81' lang='lat' dir='ltr'><strong>culmine</strong></span> <span class='ocrx_word' id='word_1_125' title='bbox 1147 2934 1256 3002; x_wconf 90' lang='lat' dir='ltr'><strong>cedris</strong></span> 
     </span>
     <span class='ocr_line' id='line_1_21' title="bbox 326 3059 1159 3144; baseline -0.001 -15"><span class='ocrx_word' id='word_1_126' title='bbox 326 3059 465 3129; x_wconf 87' lang='lat' dir='ltr'><strong>Consita</strong></span> <span class='ocrx_word' id='word_1_127' title='bbox 485 3059 651 3140; x_wconf 90' lang='lat' dir='ltr'><strong>odoratis,</strong></span> <span class='ocrx_word' id='word_1_128' title='bbox 674 3077 735 3128; x_wconf 90' lang='lat' dir='ltr'><strong>vos</strong></span> <span class='ocrx_word' id='word_1_129' title='bbox 757 3062 793 3128; x_wconf 92' lang='lat' dir='ltr'><strong>et</strong></span> <span class='ocrx_word' id='word_1_130' title='bbox 814 3059 895 3143; x_wconf 89' lang='lat' dir='ltr'><strong>iuga</strong></span> <span class='ocrx_word' id='word_1_131' title='bbox 916 3077 1014 3127; x_wconf 89' lang='lat' dir='ltr'><strong>sacra</strong></span> <span class='ocrx_word' id='word_1_132' title='bbox 1036 3060 1159 3144; x_wconf 88' lang='lat' dir='ltr'><strong>Sionis,</strong></span> 
     </span>
     <span class='ocr_line' id='line_1_22' title="bbox 327 3185 1137 3271; baseline 0.001 -17"><span class='ocrx_word' id='word_1_133' title='bbox 327 3185 489 3269; x_wconf 86' lang='lat' dir='ltr'><strong>Carmeli,</strong></span> <span class='ocrx_word' id='word_1_134' title='bbox 513 3185 710 3271; x_wconf 89' lang='lat' dir='ltr'><strong>Ierichoque</strong></span> <span class='ocrx_word' id='word_1_135' title='bbox 732 3185 817 3252; x_wconf 91' lang='lat' dir='ltr'><strong>rosis</strong></span> <span class='ocrx_word' id='word_1_136' title='bbox 840 3185 1032 3271; x_wconf 83' lang='lat' dir='ltr'><strong>fragrantia</strong></span> <span class='ocrx_word' id='word_1_137' title='bbox 1053 3185 1137 3268; x_wconf 89' lang='lat' dir='ltr'><strong>late,</strong></span> 
     </span>
     <span class='ocr_line' id='line_1_23' title="bbox 326 3310 1173 3394; baseline -0.002 -14"><span class='ocrx_word' id='word_1_138' title='bbox 326 3311 427 3380; x_wconf 90' lang='lat' dir='ltr'><strong>Nulla</strong></span> <span class='ocrx_word' id='word_1_139' title='bbox 448 3311 520 3378; x_wconf 90' lang='lat' dir='ltr'><strong>dies</strong></span> <span class='ocrx_word' id='word_1_140' title='bbox 541 3311 664 3378; x_wconf 86' lang='lat' dir='ltr'><strong>animis</strong></span> <span class='ocrx_word' id='word_1_141' title='bbox 685 3311 794 3394; x_wconf 92' lang='lat' dir='ltr'><strong>delet,</strong></span> <span class='ocrx_word' id='word_1_142' title='bbox 818 3310 913 3378; x_wconf 86' lang='lat' dir='ltr'><strong>nulla</strong></span> <span class='ocrx_word' id='word_1_143' title='bbox 935 3311 1047 3378; x_wconf 90' lang='lat' dir='ltr'><strong>obruit</strong></span> <span class='ocrx_word' id='word_1_144' title='bbox 1069 3316 1173 3380; x_wconf 83' lang='lat' dir='ltr'><strong>aetas.</strong></span> 
     </span>
     <span class='ocr_line' id='line_1_24' title="bbox 238 3434 1208 3521; baseline 0.001 -17"><span class='ocrx_word' id='word_1_145' title='bbox 238 3438 281 3506; x_wconf 91' lang='lat'><strong>60</strong></span> <span class='ocrx_word' id='word_1_146' title='bbox 327 3436 416 3512; x_wconf 89' lang='lat' dir='ltr'><strong>Quin</strong></span> <span class='ocrx_word' id='word_1_147' title='bbox 438 3439 575 3521; x_wconf 85' lang='lat' dir='ltr'><strong>patrum</strong></span> <span class='ocrx_word' id='word_1_148' title='bbox 597 3435 715 3502; x_wconf 87' lang='lat' dir='ltr'><strong>laudes</strong></span> <span class='ocrx_word' id='word_1_149' title='bbox 734 3434 849 3502; x_wconf 91' lang='lat' dir='ltr'><strong>senior</strong></span> <span class='ocrx_word' id='word_1_150' title='bbox 872 3435 1093 3521; x_wconf 87' lang='lat' dir='ltr'><strong>mirandaque</strong></span> <span class='ocrx_word' id='word_1_151' title='bbox 1116 3436 1208 3506; x_wconf 85' lang='lat' dir='ltr'><strong>lacta</strong></span> 
     </span>
     <span class='ocr_line' id='line_1_25' title="bbox 242 3559 1103 3644; baseline 0.001 -17"><span class='ocrx_word' id='word_1_152' title='bbox 242 3597 245 3602; x_wconf 94' lang='lat'>·</span> <span class='ocrx_word' id='word_1_153' title='bbox 326 3561 474 3630; x_wconf 85' lang='lat' dir='ltr'><strong>Enarrat</strong></span> <span class='ocrx_word' id='word_1_154' title='bbox 494 3560 625 3644; x_wconf 87' lang='lat' dir='ltr'><strong>gnatis;</strong></span> <span class='ocrx_word' id='word_1_155' title='bbox 648 3559 791 3628; x_wconf 86' lang='lat' dir='ltr'><strong>intentis</strong></span> <span class='ocrx_word' id='word_1_156' title='bbox 812 3560 949 3628; x_wconf 85' lang='lat' dir='ltr'><strong>auribus</strong></span> <span class='ocrx_word' id='word_1_157' title='bbox 970 3563 1103 3643; x_wconf 87' lang='lat' dir='ltr'><strong>astant,</strong></span> 
     </span>
     <span class='ocr_line' id='line_1_26' title="bbox 326 3685 1291 3776; baseline 0.006 -23"><span class='ocrx_word' id='word_1_158' title='bbox 326 3686 522 3773; x_wconf 83' lang='lat' dir='ltr'><strong>oppidaque</strong></span> <span class='ocrx_word' id='word_1_159' title='bbox 545 3687 582 3752; x_wconf 92' lang='lat' dir='ltr'><strong>et</strong></span> <span class='ocrx_word' id='word_1_160' title='bbox 603 3686 732 3770; x_wconf 88' lang='lat' dir='ltr'><strong>patrias</strong></span> <span class='ocrx_word' id='word_1_161' title='bbox 752 3685 876 3753; x_wconf 86' lang='lat' dir='ltr'><strong>animis</strong></span> <span class='ocrx_word' id='word_1_162' title='bbox 897 3685 1068 3773; x_wconf 85' lang='lat' dir='ltr'><strong>oculisque</strong></span> <span class='ocrx_word' id='word_1_163' title='bbox 1090 3693 1291 3776; x_wconf 83' lang='lat' dir='ltr'><strong>sequuntur.</strong></span> 
     </span>
     <span class='ocr_line' id='line_1_27' title="bbox 326 3805 1181 3892; baseline 0.005 -16"><span class='ocrx_word' id='word_1_164' title='bbox 326 3811 415 3886; x_wconf 81' lang='lat' dir='ltr'><strong>Ques</strong></span> <span class='ocrx_word' id='word_1_165' title='bbox 436 3806 493 3874; x_wconf 88' lang='lat' dir='ltr'><strong>illc</strong></span> <span class='ocrx_word' id='word_1_166' title='bbox 517 3807 552 3874; x_wconf 91' lang='lat' dir='ltr'><strong>in</strong></span> <span class='ocrx_word' id='word_1_167' title='bbox 576 3806 668 3873; x_wconf 91' lang='lat' dir='ltr'><strong>molli</strong></span> <span class='ocrx_word' id='word_1_168' title='bbox 690 3805 850 3874; x_wconf 88' lang='lat' dir='ltr'><strong>describit</strong></span> <span class='ocrx_word' id='word_1_169' title='bbox 871 3808 1035 3892; x_wconf 91' lang='lat' dir='ltr'><strong>pulvere,</strong></span> <span class='ocrx_word' id='word_1_170' title='bbox 1065 3810 1181 3879; x_wconf 90' lang='lat' dir='ltr'><strong>sedes:</strong></span> 
     </span>
     <span class='ocr_line' id='line_1_28' title="bbox 327 3932 1160 4020; baseline 0.005 -20"><span class='ocrx_word' id='word_1_171' title='bbox 327 3935 369 4000; x_wconf 88' lang='lat' dir='ltr'><strong>Et</strong></span> <span class='ocrx_word' id='word_1_172' title='bbox 390 3949 478 4019; x_wconf 92' lang='lat' dir='ltr'><strong>quae</strong></span> <span class='ocrx_word' id='word_1_173' title='bbox 500 3932 641 3999; x_wconf 61' lang='lat' dir='ltr'><strong>lemides</strong></span> <span class='ocrx_word' id='word_1_174' title='bbox 662 3949 829 4018; x_wconf 86' lang='lat' dir='ltr'><strong>praesaga</strong></span> <span class='ocrx_word' id='word_1_175' title='bbox 851 3936 967 4002; x_wconf 88' lang='lat' dir='ltr'><strong>mente</strong></span> <span class='ocrx_word' id='word_1_176' title='bbox 997 3936 1160 4020; x_wconf 88' lang='lat' dir='ltr'><strong>canebat,</strong></span> 
     </span>
     <span class='ocr_line' id='line_1_29' title="bbox 238 4058 1137 4146; baseline 0.002 -18"><span class='ocrx_word' id='word_1_177' title='bbox 238 4063 282 4128; x_wconf 91' lang='lat'><strong>65</strong></span> <span class='ocrx_word' id='word_1_178' title='bbox 327 4058 506 4144; x_wconf 85' lang='lat' dir='ltr'><strong>Euphratis</strong></span> <span class='ocrx_word' id='word_1_179' title='bbox 527 4058 662 4143; x_wconf 87' lang='lat' dir='ltr'><strong>pulsata</strong></span> <span class='ocrx_word' id='word_1_180' title='bbox 682 4061 809 4126; x_wconf 90' lang='lat' dir='ltr'><strong>sonant</strong></span> <span class='ocrx_word' id='word_1_181' title='bbox 830 4060 867 4126; x_wconf 91' lang='lat' dir='ltr'><strong>et</strong></span> <span class='ocrx_word' id='word_1_182' title='bbox 889 4058 990 4127; x_wconf 90' lang='lat' dir='ltr'><strong>litora</strong></span> <span class='ocrx_word' id='word_1_183' title='bbox 1019 4061 1137 4146; x_wconf 87' lang='lat' dir='ltr'><strong>Tigris.</strong></span> 
     </span>
     <span class='ocr_line' id='line_1_30' title="bbox 412 4181 1228 4268; baseline 0.005 -17"><span class='ocrx_word' id='word_1_184' title='bbox 412 4183 565 4252; x_wconf 90' lang='lat' dir='ltr'><strong>Sedimns</strong></span> <span class='ocrx_word' id='word_1_185' title='bbox 586 4182 630 4251; x_wconf 93' lang='lat' dir='ltr'><strong>ad</strong></span> <span class='ocrx_word' id='word_1_186' title='bbox 651 4181 771 4252; x_wconf 88' lang='lat' dir='ltr'><strong>fluvios</strong></span> <span class='ocrx_word' id='word_1_187' title='bbox 792 4183 989 4268; x_wconf 87' lang='lat' dir='ltr'><strong>Babylonis,</strong></span> <span class='ocrx_word' id='word_1_188' title='bbox 1012 4183 1146 4254; x_wconf 85' lang='lat' dir='ltr'><strong>fletibus</strong></span> <span class='ocrx_word' id='word_1_189' title='bbox 1167 4207 1228 4255; x_wconf 93' lang='lat' dir='ltr'><strong>ora</strong></span> 
     </span>
     <span class='ocr_line' id='line_1_31' title="bbox 329 4310 1119 4398; baseline -0.001 -17"><span class='ocrx_word' id='word_1_190' title='bbox 329 4315 495 4382; x_wconf 78' lang='lat' dir='ltr'><strong>iterantes</strong></span> <span class='ocrx_word' id='word_1_191' title='bbox 516 4311 638 4398; x_wconf 87' lang='lat' dir='ltr'><strong>largis,</strong></span> <span class='ocrx_word' id='word_1_192' title='bbox 666 4330 767 4381; x_wconf 88' lang='lat' dir='ltr'><strong>carae</strong></span> <span class='ocrx_word' id='word_1_193' title='bbox 790 4310 870 4380; x_wconf 90' lang='lat' dir='ltr'><strong>dum</strong></span> <span class='ocrx_word' id='word_1_194' title='bbox 894 4315 987 4382; x_wconf 88' lang='lat' dir='ltr'><strong>tecta</strong></span> <span class='ocrx_word' id='word_1_195' title='bbox 1009 4313 1119 4380; x_wconf 90' lang='lat' dir='ltr'><strong>Sionis</strong></span> 
     </span>
     <span class='ocr_line' id='line_1_32' title="bbox 325 4437 1225 4525; baseline -0.003 -17"><span class='ocrx_word' id='word_1_196' title='bbox 325 4443 466 4510; x_wconf 89' lang='lat' dir='ltr'><strong>Pectore</strong></span> <span class='ocrx_word' id='word_1_197' title='bbox 488 4457 663 4508; x_wconf 89' lang='lat' dir='ltr'><strong>versamus</strong></span> <span class='ocrx_word' id='word_1_198' title='bbox 685 4439 842 4523; x_wconf 89' lang='lat' dir='ltr'><strong>memori,</strong></span> <span class='ocrx_word' id='word_1_199' title='bbox 878 4443 1060 4525; x_wconf 83' lang='lat' dir='ltr'><strong>mutaeque</strong></span> <span class='ocrx_word' id='word_1_200' title='bbox 1082 4437 1225 4520; x_wconf 91' lang='lat' dir='ltr'><strong>salictis,</strong></span> 
     </span>
     <span class='ocr_line' id='line_1_33' title="bbox 325 4563 1274 4650; baseline -0.004 -16"><span class='ocrx_word' id='word_1_201' title='bbox 325 4568 419 4644; x_wconf 86' lang='lat' dir='ltr'><strong>Quae</strong></span> <span class='ocrx_word' id='word_1_202' title='bbox 443 4565 577 4650; x_wconf 88' lang='lat' dir='ltr'><strong>plorant</strong></span> <span class='ocrx_word' id='word_1_203' title='bbox 601 4565 718 4634; x_wconf 88' lang='lat' dir='ltr'><strong>mediis</strong></span> <span class='ocrx_word' id='word_1_204' title='bbox 740 4563 895 4633; x_wconf 88' lang='lat' dir='ltr'><strong>desertae</strong></span> <span class='ocrx_word' id='word_1_205' title='bbox 918 4565 954 4630; x_wconf 94' lang='lat' dir='ltr'><strong>in</strong></span> <span class='ocrx_word' id='word_1_206' title='bbox 978 4563 1153 4632; x_wconf 90' lang='lat' dir='ltr'><strong>moenibus</strong></span> <span class='ocrx_word' id='word_1_207' title='bbox 1168 4563 1274 4645; x_wconf 90' lang='lat' dir='ltr'><strong>urbis,</strong></span> 
     </span>
    </p>
   </div>
   <div class='ocr_carea' id='block_1_3' title="bbox 0 0 1790 5376">
    <p class='ocr_par' dir='ltr' id='par_1_3' title="bbox 0 0 1790 5376">
     <span class='ocr_line' id='line_1_34' title="bbox 0 0 1790 5376; baseline 0 0"><span class='ocrx_word' id='word_1_208' title='bbox 0 0 1790 5376; x_wconf 95' lang='lat' dir='ltr'><strong> </strong></span> 
     </span>
    </p>
   </div>
  </div>
 </body>
</html>
