3560 5368
698 535 809 586 urana
833 534 966 586 rnrurs
1377 514 1438 580 241

334 661 443 729 Maior
464 660 533 728 eris
554 659 692 744 Solyma
714 661 750 728 et
773 661 986 746 praeclarum
1009 675 1136 728 nomen
1160 658 1307 726 habebis

335 783 513 854 Praesoius
534 786 639 852 isaias
661 785 764 852 Iudae
788 788 871 852 tunc
897 783 1059 870 gentibus
1080 783 1177 851 iniit:

224 909 292 976 295
337 910 403 976 Per
425 906 501 976 loca
522 908 659 975 deserta
688 907 880 976 inclamans
901 925 969 974 vox
991 909 1152 992 personat
1174 905 1265 973 alte:

335 1031 529 1098 Instaurate
551 1031 625 1098 vias
648 1031 806 1112 Domino,
832 1049 980 1117 namque
1004 1049 1125 1116 aspera
1148 1029 1286 1116 planum

339 1155 414 1223 Fiet
434 1155 521 1237 iter,
551 1157 665 1223 rectus
687 1157 951 1242 transverseque
973 1155 1096 1222 semita
1117 1153 1221 1222 callis.

337 1281 429 1348 Haec
450 1278 519 1348 alia
540 1281 645 1366 atque
672 1279 742 1348 alia
763 1281 915 1367 antiquis
937 1280 1076 1348 oracula
1098 1278 1226 1347 chartis

338 1403 473 1473 Credita
493 1405 555 1472 sub
578 1405 720 1473 memori
743 1405 920 1492 relegebat
943 1408 1058 1473 ments
1082 1405 1222 1484 Noemi余

224 1530 291 1596 300
337 1529 517 1598 Parthenis
539 1533 574 1598 et
597 1529 739 1598 comites
760 1530 852 1598 laeto
874 1531 974 1597 simul
996 1530 1111 1599 omine
1134 1529 1308 1613 gaudent,

341 1657 479 1722 intenta
501 1673 562 1722 ora
585 1656 708 1723 tenent
729 1654 911 1741 auditaque
934 1657 1072 1740 pectore
1094 1655 1244 1721 versant.

425 1779 490 1846 Sed
512 1781 672 1865 quartum
687 1779 793 1864 Virgo
809 1779 1044 1866 decimamque
1068 1779 1269 1864 expleverat
1290 1792 1441 1855 annum余

340 1905 422 1971 inde
446 1903 554 1972 oritur
575 1923 691 1972 rumor
713 1904 835 1973 iudaeo
858 1922 953 1972 more
976 1904 1166 1990 propinquo

338 2030 550 2113 Iungendam
574 2030 743 2112 breviter3
775 2029 883 2114 regali
906 2047 925 2095 e
950 2029 1105 2114 germine
1129 2027 1247 2114 quaeri

226 2158 293 2222 305
338 2154 514 2222 Delectum
536 2154 717 2237 iuvenem,
740 2155 852 2223 stabili
875 2157 929 2223 cui
953 2155 1089 2223 tradere
1112 2157 1266 2238 nuptam.

341 2282 417 2348 Una
438 2297 557 2348 omnes
578 2281 684 2365 igitur
706 2283 857 2349 statuere
879 2280 1009 2364 iugalia
1031 2279 1120 2347 dona

340 2403 557 2488 Parmenidi,
582 2403 771 2472 thalamum
802 2407 966 2472 contexto
989 2404 1142 2488 tegmine
1165 2403 1269 2488 pingi.

341 2529 490 2613 uebora,
513 2547 601 2615 quae
624 2530 771 2616 primum
794 2531 894 2598 dictis
916 2532 1092 2616 pungebat
1114 2531 1239 2598 amaris

339 2629 559 2724 Immemores
580 2655 706 2737 socias,
731 2655 884 2724 stimulos
907 2672 999 2722 nunc
1021 2657 1178 2724 omnibus
1200 2655 1314 2736 addit,

230 2783 296 2850 310
342 2785 384 2850 Et
405 2783 564 2868 designat
586 2799 690 2867 opus,
713 2781 801 2850 tales
825 2783 912 2851 bene
933 2783 1020 2850 scita
1042 2783 1195 2867 labores,

340 2907 382 2972 Et
406 2905 525 2975 tribuit
547 2912 681 2992 partes:
704 2923 850 2980 accensa
874 2911 992 2975 mente
1015 2907 1150 2993 puellae

339 3033 436 3098 Haud
459 3049 584 3115 segnes
606 3034 812 3117 operantur,
835 3051 932 3100 amor
955 3051 1036 3100 nam
1060 3033 1211 3117 Virginis
1234 3034 1344 3117 urget.

429 3159 567 3224 Interea
589 3157 733 3243 Solymis
754 3158 847 3226 cultu
870 3175 1004 3245 quoque
1027 3157 1157 3244 templa
1180 3157 1347 3225 resultant

341 3283 496 3362 Festive,
520 3301 618 3350 sacer
640 3283 859 3351 Abramidum
885 3301 966 3350 nam
989 3283 1137 3351 volvitur
1159 3301 1292 3364 annus余

229 3409 296 3474 315
342 3411 426 3476 Ecce
450 3409 521 3476 dies
544 3409 669 3476 mensis
692 3409 813 3492 rediit,
843 3428 945 3496 quem
968 3410 1107 3477 nomine
1130 3410 1250 3478 casleu

342 3533 488 3600 Hebraei
511 3532 650 3615 dicunt3
683 3533 850 3600 solemnia
873 3551 1021 3619 namque
1044 3533 1229 3619 quotannis

343 3661 540 3728 Instaurant
562 3659 673 3743 aedis,
697 3661 803 3745 partis
825 3660 1047 3728 memoranda
1071 3661 1228 3746 tropaeis.

343 3786 396 3853 Sic
418 3786 564 3853 docuere
587 3789 722 3870 patres:
756 3785 967 3870 Solymorum
991 3786 1071 3854 urbs
1094 3787 1242 3873 undique
1266 3789 1339 3854 tota

342 3910 453 3978 Gestit
475 3928 597 3993 ovans,
622 3911 830 3998 populusque
853 3912 1012 3996 ingentia
1035 3911 1126 3980 iacta
1150 3915 1328 3994 recenset,

233 4039 299 4104 320
345 4041 509 4122 Tempore
531 4056 619 4124 quo,
643 4038 747 4124 Syriis
767 4038 887 4122 victis,
912 4040 1139 4108 Machabaeus
1162 4040 1260 4108 Iudas

343 4164 499 4247 Longum
520 4162 731 4230 intermissos
751 4162 868 4248 tempii
892 4167 1082 4232 renovabat
1104 4164 1274 4246 honores余

346 4291 500 4376 Namque
521 4291 739 4360 increbuerat
764 4311 880 4360 rumor
901 4295 1097 4378 terramque
1119 4309 1180 4378 per
1202 4309 1340 4358 omnem

345 4415 477 4486 Circum
502 4417 591 4484 ierat
611 4419 736 4500 iudae,
761 4417 832 4488 fato
854 4420 994 4487 cessisse
1014 4437 1172 4504 supremo

344 4547 570 4627 Antiochum,
594 4545 651 4632 qui
675 4545 763 4614 colla
786 4545 866 4631 iugo
888 4548 993 4632 atque
1015 4544 1193 4612 hostilibus
1215 4544 1320 4612 armis

1322 4690 1350 4737 re
