3472 5360
322 501 383 565 198
824 517 1020 569 enrsnrnos

428 643 486 710 itte
512 645 578 712 Deo
602 643 657 728 pia
680 648 761 712 vota
781 617 850 712 dat
873 648 910 712 ct
930 645 1027 730 stipis
1048 645 1201 714 omnium
1222 663 1351 730 egenos

425 771 585 838 Sublevat
605 771 753 839 auxilio:
777 771 876 838 tanta
898 771 988 838 haud
1010 771 1084 838 sine
1109 770 1226 838 tenore
1249 771 1367 838 virtus

317 899 381 964 460
424 896 700 982 Quandoquidem
723 896 836 964 oranti
858 915 990 964 summo
1011 896 1176 964 demissus
1197 896 1333 983 olympo

427 1023 468 1090 Se
491 1022 591 1090 offert
612 1019 724 1088 alatus
746 1020 901 1102 iuvenis,
925 1018 1136 1107 multumque
1160 1020 1340 1088 timentem

427 1144 534 1230 Erigit
555 1147 659 1230 atque
682 1144 772 1212 ultro
792 1145 892 1212 dictis
913 1146 1040 1212 affatur
1063 1143 1200 1213 amicis:

427 1270 489 1338 Eia
510 1287 596 1354 age,
619 1269 776 1352 Corneli,
799 1287 959 1355 superum
982 1269 1042 1337 tibi
1066 1268 1211 1337 nuncius
1232 1267 1351 1336 adsum
1363 1285 1373 1348 ;

260 1479 264 1486 .
428 1397 559 1482 Rumpe
583 1411 694 1462 moras
715 1413 757 1462 ac
779 1395 877 1462 mitte
901 1395 992 1462 vires
1014 1395 1057 1462 ad
1081 1393 1162 1462 titus
1187 1395 1328 1480 Ioppes:

318 1519 382 1584 405
427 1519 488 1586 Ηίο
510 1519 628 1586 domus
651 1521 722 1598 est;
753 1519 934 1604 quemdam
956 1513 1128 1587 Simonem
1151 1519 1288 1586 nomine
1321 1519 1460 1585 Petrum

426 1643 605 1711 Invenies:
628 1642 719 1711 dicet
741 1643 821 1729 quid
843 1644 1037 1730 agendum,
1066 1643 1159 1711 dicta
1180 1659 1326 1728 capesse.

428 1769 480 1835 Sic
505 1769 616 1851 tatus,
640 1767 733 1836 clara
755 1769 864 1836 subito
886 1787 963 1837 cum
986 1769 1061 1837 luce
1091 1769 1239 1838 recessit.

429 1896 569 1962 Postera
590 1894 649 1962 sed
671 1892 740 1961 iam
762 1893 821 1960 lux
843 1896 977 1962 sextam
1000 1896 1216 1978 transegerat
1238 1893 1377 1972 horam,
1463 1872 1467 1880 ’

427 2021 468 2086 Et
489 2019 561 2087 sola
583 2019 704 2085 Petrus
725 2017 874 2086 seclusus
894 2021 991 2104 parte
1013 2021 1191 2105 precatur:

317 2146 382 2210 470
427 2145 538 2212 Esurit
560 2145 661 2226 hinc,
684 2144 909 2228 statuuntque
931 2144 1057 2228 dapes3
1080 2147 1133 2210 ast
1155 2141 1257 2211 arder
1279 2141 1401 2210 edendi

428 2272 573 2339 Excessu
596 2270 726 2356 rapitur
748 2270 890 2352 mentis;
913 2288 995 2338 nam
1018 2271 1152 2338 sedibus
1173 2270 1254 2338 altis

429 2397 497 2462 Vas
519 2395 686 2480 quoddam
709 2393 753 2462 ad
776 2396 903 2463 terram
927 2395 1036 2462 visum
1059 2393 1223 2463 dimittier
1245 2394 1371 2472 imam;

428 2520 612 2604 Serpentes
635 2518 855 2606 volucresque
878 2537 948 2588 una
968 2538 1010 2589 ac
1031 2537 1142 2606 genus
1163 2537 1264 2586 omne
1287 2519 1502 2586 animantum

427 2647 521 2711 Intus
543 2645 663 2712 erant:
691 2661 758 2710 vox
781 2643 915 2713 interea
936 2645 1098 2713 exaudita
1119 2663 1180 2730 per
1203 2662 1325 2712 auras:

317 2771 382 2834 475
425 2769 542 2860 Surge,
558 2771 670 2850 Petne,
686 2769 821 2851 occide,
838 2769 902 2836 hac
917 2769 1053 2838 dabitur
1067 2769 1155 2856 dape
1169 2773 1322 2837 sternere
1339 2785 1502 2837 mensam.

427 2895 556 2963 Adnuit
579 2895 635 2964 ille
657 2895 765 2982 epulis
787 2897 896 2980 vesei,
925 2913 1010 2982 quas
1031 2898 1176 2982 tangere
1199 2896 1307 2962 Moses

427 3023 516 3104 Lege
539 3024 642 3089 vetat
666 3021 812 3088 Rursum
834 3021 928 3090 caelo
953 3041 1018 3090 vex
1040 3021 1194 3090 insonat:
1218 3019 1332 3102 Absit,

424 3146 456 3213 Si
480 3149 568 3216 Deus
588 3147 752 3231 abluerit,
776 3148 940 3232 poliutum
963 3147 1076 3216 dicere
1099 3145 1292 3234 quidquam.

426 3271 511 3346 Quid
533 3271 595 3338 sibi
616 3271 690 3338 visa
713 3271 837 3355 velint,
861 3274 984 3340 Petrus
1004 3272 1085 3338 dum
1108 3274 1225 3338 mente
1249 3269 1413 3350 revoiuit,

319 3397 382 3462 480
427 3397 477 3462 En
500 3399 652 3464 oratores
673 3395 823 3482 ioppaeis
846 3394 984 3464 aedibus
1005 3395 1149 3464 adsunt:

427 3518 520 3587 lticet
543 3535 706 3586 arcanum
729 3519 826 3603 patet
848 3520 884 3584 et
906 3518 1024 3586 divina
1045 3518 1213 3585 voluntas

426 3647 497 3711 Iam
521 3660 611 3712 nera
631 3643 833 3730 progenies,
857 3661 971 3711 rerum
994 3661 1103 3711 nouus
1123 3642 1244 3729 incipit
1266 3642 1368 3717 erdo;

425 3771 497 3835 Iam
519 3771 621 3838 vocat
642 3773 675 3836 et
700 3771 822 3852 gentes
844 3768 1008 3850 christus,
1033 3769 1168 3855 iamque
1193 3786 1281 3835 unus
1302 3767 1392 3835 ovile

427 3895 537 3960 Unum
559 3896 679 3961 Pastor
700 3892 821 3977 habet,
844 3893 1004 3980 ducitque
1026 3893 1069 3961 ad
1093 3894 1186 3962 laeta
1206 3892 1326 3961 salutis

315 4021 379 4086 485
424 4023 569 4102 Pascua,
605 4023 640 4088 et
663 4038 764 4088 omne
786 4037 896 4107 genus
918 4022 1057 4088 Patrem
1081 4022 1267 4088 veneratur
1289 4019 1457 4088 eumdem.

425 4145 513 4229 Ergo
535 4145 615 4215 colit
638 4162 744 4230 prono
767 4146 907 4212 Petrum
929 4143 1104 4212 Cornelius
1126 4163 1205 4228 ore,

424 4270 627 4339 Circumstat
648 4269 729 4338 dum
751 4272 825 4338 teta
847 4269 966 4338 domus
987 4288 1212 4357 proceresque
1236 4269 1368 4337 vocati:

302 4405 305 4412 '
424 4398 469 4463 At
490 4399 628 4479 Petrus,
659 4415 763 4484 quum
784 4413 820 4462 se
843 4396 941 4462 tantu
964 4393 1055 4462 haud
1077 4395 1239 4482 dignetur
1261 4395 1413 4478 honore,

425 4521 604 4594 sublevat.
627 4525 729 4608 atque
753 4538 880 4588 arcana
903 4521 960 4588 Dei
986 4525 1067 4588 tunc
1090 4521 1208 4588 ordine
1231 4520 1359 4606 pandit.
