3560 5368
366 505 432 570 240
833 519 1107 572 eaurunuraoon

474 643 669 728 Egreditur,
700 643 811 710 subito
834 661 957 712 munus
978 645 1033 712 cui
1056 647 1149 714 vocis
1170 645 1378 734 ademptum.

475 768 705 836 Circumstant
728 767 925 836 venientem
948 786 1088 852 omnes,
1111 788 1312 857 expromere
1335 775 1442 859 signis

473 894 624 960 conatur
645 895 819 975 mentem,
844 895 985 961 verbum
1008 911 1072 962 nec
1094 898 1221 982 promit
1241 899 1285 966 ab
1308 918 1376 967 ore.

475 1016 706 1102 Obstupuere:
729 1015 887 1099 domum,
911 1017 1016 1084 sacris
1038 1036 1082 1086 ex
1106 1038 1200 1088 more
1224 1024 1391 1107 peractis,

363 1146 429 1210 265
474 1143 636 1210 Zacharia
659 1141 844 1215 redeunte.
868 1142 1030 1228 impletur
1052 1145 1219 1232 Principis
1241 1167 1343 1216 omen

473 1266 620 1336 Siderei:
648 1267 845 1336 Elisabetha
867 1267 1001 1336 insueto
1023 1271 1132 1337 sentit
1153 1275 1312 1341 onustum

476 1391 630 1460 Pondere
654 1409 802 1477 namque
825 1391 958 1474 sinum,
988 1411 1195 1481 quamquam
1218 1398 1344 1465 suffusa
1376 1402 1495 1468 rubore

473 1517 566 1584 llaec
588 1513 699 1597 abdit,
734 1515 906 1599 tacitoque
928 1516 1033 1582 Deum
1055 1516 1116 1582 sub
1140 1517 1241 1584 corde
1264 1524 1434 1605 precatur.

472 1639 560 1706 Soivi
583 1639 759 1724 equidem,
783 1641 820 1707 et
842 1657 930 1725 quae
952 1638 1052 1725 signa
1075 1639 1192 1708 terunt
1214 1647 1394 1730 praesagia
1418 1667 1536 1715 nosco:

364 1763 430 1833 270
475 1762 610 1830 Lucifer
631 1764 670 1830 ut
682 1757 785 1830 'caelo
817 1763 928 1831 noctis
949 1781 1052 1849 quum
1075 1763 1226 1835 dimovet
1248 1769 1401 1854 umbras,

474 1889 560 1956 Ecce
582 1888 674 1970 dies;
708 1887 757 1956 sic
780 1887 843 1956 iste
866 1907 971 1974 puer,
995 1889 1053 1975 qui
1075 1892 1215 1959 nuntiet
1236 1896 1314 1962 ortu

474 2011 579 2080 Felici
601 2011 806 2078 eventurum
829 2010 1006 2078 bominum
1028 2030 1256 2100 superumque
1277 2017 1440 2086 Satorem.

563 2138 697 2208 Talibus
719 2157 886 2208 enarrans
908 2143 1129 2226 octogenaria
1151 2146 1268 2228 vates,

474 2266 575 2351 Spem
599 2265 712 2346 iovet;
746 2267 892 2333 assentit
920 2267 1032 2334 verbis
1054 2286 1196 2354 operosa
1219 2271 1357 2352 Noemi‚

365 2393 432 2459 275
476 2393 583 2460 Laeta
606 2391 795 2477 puellarum
818 2391 936 2478 templi
960 2392 1014 2460 eui
1037 2393 1168 2461 credita
1189 2413 1272 2462 cura
1294 2400 1356 2464 est.

475 2518 645 2588 Evolvens
667 2521 822 2586 veterum
844 2519 983 2604 signata
1004 2519 1144 2588 oracula
1166 2523 1322 2606 patrum,

475 2645 616 2713 Fatidici
640 2648 810 2728 maturat,
833 2634 905 2726 ait,
928 2644 997 2712 iam
1020 2646 1182 2714 carminis
1203 2650 1320 2730 aetas,

477 2772 551 2847 Qua
573 2771 666 2857 lapso
690 2745 741 2838 las
763 2775 816 2839 est
838 2771 966 2838 homini
989 2789 1128 2858 sperare
1150 2773 1318 2857 salutem;

475 2898 697 2966 Praeclarum
716 2899 858 2992 effatum
881 2901 1048 2966 memorat
1070 2900 1246 2968 morientis
1267 2901 1387 2984 Iacob,

365 3025 430 3090 280
475 3023 623 3092 Bissenis
644 3022 779 3109 quando
802 3023 917 3106 gnatis
951 3023 1040 3091 bona
1062 3026 1188 3091 cuncta
1211 3027 1378 3109 precatur.

475 3154 518 3219 Et
540 3151 659 3219 veniet
682 3151 859 3234 Servator,
890 3151 962 3234 ait,
987 3152 1045 3217 vix
1067 3151 1203 3219 advena
1225 3153 1315 3236 regis

477 3277 615 3344 Summa
635 3277 752 3362 geret,
786 3274 886 3344 ludas
906 3275 1088 3362 alienaque
1111 3279 1246 3363 sceptra
1268 3277 1400 3346 subibit.
1486 3285 1489 3290 '

476 3407 560 3471 Tum
583 3406 714 3489 septam
737 3403 849 3471 decies
872 3403 1053 3470 volventur
1077 3406 1232 3489 tempora
1254 3405 1362 3485 vatis,

475 3531 584 3605 Quum
606 3529 721 3596 vincla
743 3529 923 3614 abrumpet
944 3527 1087 3615 populus
1109 3528 1346 3616 Solymamque
1368 3531 1511 3612 redibit,

368 3656 434 3722 285
478 3653 628 3740 Captivis
650 3656 686 3722 et
705 3673 833 3740 magna
855 3657 1036 3741 resurgent
1058 3656 1188 3741 templa
1210 3655 1326 3723 ruinis.

476 3779 529 3846 Sic
552 3779 678 3848 cecinit
700 3779 827 3848 Daniel.
851 3780 970 3848 Veteri
997 3779 1083 3848 baec
1106 3777 1235 3848 felicior
1257 3779 1380 3863 aedes,

479 3909 685 3975 Praemonet
705 3909 882 3993 Aggaeus,
901 3906 1041 3980 missam
1062 3905 1151 3993 quod
1174 3909 1218 3974 ab
1240 3905 1382 3976 aethere
1404 3923 1534 3974 summo

478 4035 633 4102 Divinam
657 4034 805 4120 excipiet
826 4033 959 4102 mortali
982 4051 1122 4120 corpore
1145 4035 1289 4104 Prolem.

477 4160 520 4226 Et
542 4161 639 4228 vates
661 4157 756 4226 addit
778 4158 981 4228 Malachiae:
1008 4161 1083 4227 tum
1106 4159 1217 4228 hostia
1240 4176 1366 4244 magno

367 4289 434 4356 290
479 4287 584 4355 Grata
606 4286 674 4353 Deo
696 4284 830 4354 cunctis
851 4285 967 4355 oblata
988 4288 1042 4354 est
1068 4285 1192 4354 linibus
1215 4286 1314 4354 orbis

480 4415 522 4480 Et
543 4393 780 4480 Morastbites:
804 4412 981 4495 Bethlem,
1009 4413 1055 4480 sis
1077 4413 1220 4499 parvula
1242 4431 1448 4499 quamquam

479 4542 574 4612 Inter
597 4538 755 4620 iudaeos,
782 4538 900 4607 invicti
924 4539 967 4608 ob
990 4539 1156 4626 Principis
1178 4541 1311 4622 ortum,
