3576 5376
694 689 927 824 ensem
964 743 1024 824 vr

753 961 965 1031 vnuonlon

364 1683 391 1749 0
412 1698 523 1766 genus
544 1680 735 1766 ingratum,
759 1680 845 1748 (lura
867 1683 904 1749 et
925 1680 1083 1749 mortalia
1105 1680 1227 1749 corda!

452 1803 644 1872 immemori
666 1821 710 1871 ex
733 1805 848 1871 animo
870 1803 919 1872 sic
942 1803 1124 1872 benefacta
1146 1803 1276 1872 iluuntl

364 1930 511 2017 Aspicite
534 1928 617 1998 heu!
641 1928 779 2014 quantis
800 1946 880 1997 mox
904 1929 1164 2015 tempestatibus
1185 1933 1282 1998 actus

452 2053 630 2122 Immensis
650 2054 758 2122 Heres
779 2053 935 2122 fluctibus
955 2052 1117 2121 obruitur.

296 2181 319 2245 5
362 2181 433 2256 Quo
457 2177 574 2264 lbgitis
594 2176 730 2260 miseri,
754 2196 854 2264 quoe,
877 2176 957 2244 dum
979 2178 1238 2263 superimminet
1260 2179 1378 2246 horror

450 2303 610 2384 Funeris,
633 2320 678 2370 ex
701 2303 770 2370 orci
793 2302 945 2371 saucibus
968 2303 1025 2372 ille
1048 2304 1162 2389 rapiti

364 2429 436 2504 Quo
459 2445 533 2509 vos,
557 2426 712 2495 occlusae
735 2428 863 2495 dodum
885 2427 981 2514 queis
1003 2429 1159 2514 protinus
1181 2447 1280 2498 aures

449 2557 522 2622 lam
543 2554 818 2637 dulcescentes,
842 2554 954 2624 dulcia
976 2557 1082 2624 verba
1102 2555 1243 2623 bibuntl

364 2678 436 2753 Quo
458 2677 541 2746 laesi
563 2679 719 2764 pedibus,
743 2678 847 2746 celeri
872 2679 928 2764 qui
952 2679 1087 2747 curritis
1109 2679 1182 2766 ala,

279 2804 319 2867 ll)
451 2801 521 2871 Aut
542 2803 645 2885 muti,
669 2821 793 2871 suaves
813 2802 870 2889 qni
895 2802 983 2871 datis
1004 2821 1063 2871 ore
1086 2803 1207 2872 sonosi

364 2929 538 2995 vexantes
559 2928 693 2997 animas
714 2929 848 3014 stygiae
870 2947 1011 2997 evasere
1034 2929 1241 3017 phalanges,
1290 2973 1293 2978 -

451 3053 611 3138 Quaeque
633 3052 707 3122 lues
729 3053 828 3122 bullis
850 3055 959 3121 inficit
982 3059 1059 3123 atra
1080 3056 1203 3123 cutem.

363 3178 449 3255 Quin
472 3180 509 3244 et
530 3178 655 3246 bisseni
677 3179 846 3247 Christum
868 3179 1044 3266 elingere
1068 3180 1263 3267 propinqui:

449 3303 514 3370 Olli
536 3320 625 3371 unus
646 3303 744 3372 miles
765 3307 874 3373 tortor
896 3308 933 3373 et
954 3323 1043 3373 unus
1064 3306 1171 3374 adest.

278 3431 318 3496 15
362 3430 472 3497 Turba
495 3429 719 3516 triumphanti
742 3447 853 3515 nuper
875 3449 1007 3516 paeana
1030 3434 1193 3513 canebat,

450 3555 562 3623 l'urba
585 3555 745 3640 frequens
768 3555 863 3623 miris
884 3559 1066 3625 exaturata
1089 3556 1211 3638 modis;

363 3682 461 3748 Nune
484 3680 692 3766 ignominias
714 3679 826 3749 effutit
847 3684 884 3748 et
905 3699 1027 3768 aspera
1049 3685 1175 3766 verba,

450 3808 493 3874 nt
515 3808 675 3875 miserum
698 3809 835 3895 quantis
855 3809 988 3895 appetit
1008 3810 1210 3896 opprobriis!

361 3931 446 4000 (lllll
468 3950 639 4018 quaenam
662 3935 714 4000 est
736 3933 873 4016 mulier,
897 3952 985 4019 quae
1008 3934 1057 4000 nil
1080 3933 1263 4021 perterrita
1286 3933 1422 4018 turmis,

275 4058 319 4123 20
451 4061 662 4145 Irrumpens,
685 4063 822 4128 sanctos
843 4059 987 4147 procidit
1008 4063 1091 4129 ante
1114 4061 1238 4149 pedes?

363 4186 456 4253 Neve
478 4185 593 4254 minae
616 4187 763 4272 gladiive
786 4187 896 4273 piam,
919 4204 985 4257 neo
1007 4186 1078 4256 tela
1100 4189 1295 4266 retardant,

450 4311 520 4377 Nec
544 4311 638 4379 furor
657 4311 800 4382 insanae
823 4311 951 4398 plebist
972 4311 1126 4397 Adurget
1146 4329 1251 4379 amor.

365 4437 440 4505 Una
461 4437 547 4505 haec
569 4441 631 4506 sub
653 4438 794 4507 memori
818 4439 1036 4508 benefactum
1058 4441 1196 4525 pectore
1218 4441 1349 4520 servat,

452 4563 526 4630 Una
548 4563 633 4631 haec
656 4565 822 4632 moerenti
846 4565 934 4632 ferre
958 4563 1115 4632 levamen
1138 4567 1228 4632 avet
