3560 5368
691 541 802 592 nisus
825 541 975 592 rnanrvs
1372 529 1436 594 267

340 665 453 731 Aurea
475 663 529 733 vel
553 665 655 752 iaspis
677 667 733 735 vel
756 667 849 735 clara
871 669 906 734 in
930 668 1005 736 luce
1028 687 1185 755 pyropus.

340 761 498 856 Parvum·
511 809 594 877 opus
616 809 658 860 ac
679 791 834 878 simplex,
859 791 952 860 fulvo
974 795 1011 860 at
1034 793 1213 877 pretiosius
1236 811 1329 874 auro,

339 911 530 982 Caelestum
552 915 647 984 labor
669 919 706 983 et
728 915 858 1002 lapides
880 917 936 1002 qui
958 915 1066 982 vincit
1089 933 1185 984 eoos:

339 1038 379 1104 In
400 1057 524 1123 gyrum
546 1041 710 1108 curvatur
731 1059 834 1125 onyx,
858 1039 1078 1107 nitidissimus
1101 1041 1182 1124 igne

252 1161 296 1226 45
341 1160 560 1248 Apparetque
584 1163 674 1232 calix
697 1165 895 1250 insculptus,
919 1164 1046 1231 vertice
1069 1181 1201 1232 summo

340 1287 498 1355 Pubescit
519 1287 580 1356 ilos
602 1291 639 1355 et
661 1288 818 1356 miranda
841 1288 994 1374 pingitur
1015 1290 1101 1356 arte.

343 1413 437 1482 Haec
460 1415 536 1498 tibi,
555 1417 711 1496 Ioannes,
734 1415 821 1483 caeli
845 1415 902 1500 pia
924 1431 1067 1482 munera
1090 1415 1197 1497 Virgo

339 1537 445 1605 Cedet
466 1557 597 1622 amans,
620 1540 748 1606 terram
772 1538 907 1626 quando
930 1541 1088 1624 pertaesa
1110 1555 1275 1624 supernas
1376 1610 1380 1618 ,

339 1663 542 1747 Agminibus
563 1664 727 1732 comitata
748 1664 865 1731 domos
887 1663 1093 1748 citharisque
1116 1663 1272 1749 tubisque

251 1785 296 1850 50
340 1785 545 1856 Caelicolum
568 1788 689 1872 regina
709 1791 746 1856 et
768 1788 893 1855 victrix
916 1788 1035 1864 mortis
1056 1786 1183 1855 adibit:

341 1912 467 1980 Clusini
490 1914 621 1998 egrem'i
643 1913 723 1981 doni
747 1915 971 1982 monumenta
993 1914 1187 1994 sacrabunt,

341 2039 498 2108 Mustiola
521 2041 703 2124 referente,
727 2041 822 2108 dabit
844 2058 948 2127 quum
971 2042 1139 2140 sanguine
1162 2041 1277 2108 vitam.

343 2164 505 2233 Attamen
528 2164 592 2234 boc
615 2167 713 2233 tanto
735 2163 854 2249 ditata
877 2165 1028 2247 Perusia,
1051 2165 1169 2248 signo,

340 2290 476 2359 Italicas
498 2292 598 2359 urbes
619 2291 712 2358 inter
734 2291 794 2358 tibi
817 2291 942 2377 pignus
964 2290 1099 2373 amoris,

251 2416 297 2482 55
340 2415 383 2483 Et
405 2415 462 2501 pia
483 2415 626 2484 sollicite
648 2415 751 2500 longa
774 2418 810 2482 et
834 2433 895 2500 per
916 2415 1053 2482 saecula
1074 2432 1201 2495 servas,

338 2543 380 2607 Et
402 2541 523 2609 recolis
546 2541 691 2622 devota;
716 2539 796 2606 hinc
819 2541 901 2608 felix
925 2558 1053 2608 numen
1076 2539 1201 2625 adepta
1224 2557 1277 2608 es:

340 2667 411 2734 Hoc
432 2666 571 2751 tegeris,
594 2684 654 2734 seu
678 2665 751 2734 dira
774 2667 848 2734 lues
870 2684 931 2752 per
953 2685 1033 2734 rura
1057 2683 1118 2751 per
1139 2666 1240 2732 nrbes

342 2789 522 2858 Grossatur
543 2790 741 2877 clademque
765 2791 942 2858 horrentia
967 2790 1054 2857 bella
1078 2789 1276 2868 minantur,

341 2915 406 2983 Seu
427 2916 624 2984 malesuada
646 2916 754 2984 fames
777 2918 878 2998 urget
900 2933 962 2982 sen
984 2914 1089 2982 tristis
1111 2917 1255 2999 egestas,

253 3041 297 3106 60
340 3041 427 3116 Quin
450 3041 564 3108 oculos
587 3058 725 3127 reparas
747 3041 872 3108 morbis
894 3040 1078 3126 lumenque
1101 3039 1216 3107 tueris

427 3166 592 3233 Pervenit
613 3165 699 3234 haec
721 3167 812 3233 inter
835 3164 973 3232 iudaeae
996 3181 1149 3231 murmur
1170 3163 1214 3231 ad
1237 3162 1339 3231 aedes

342 3287 502 3355 caudice
523 3287 565 3355 de
586 3291 694 3373 gente
717 3288 808 3356 viros
830 3288 872 3354 ad
895 3304 992 3354 sacra
1015 3287 1140 3366 vocari,

341 3413 612 3499 coniugiumque
635 3413 765 3496 ineant,
788 3413 815 3480 si
840 3412 941 3479 Mosis
964 3410 1037 3480 iure
1060 3409 1239 3498 propinqui

341 3537 486 3623 Fulgeat
508 3537 652 3622 insignis
674 3537 783 3622 pietas
807 3556 984 3624 moresque
1007 3537 1128 3624 pudici.

253 3661 298 3728 65
342 3665 431 3748 Ergo
453 3661 576 3730 delecti
599 3662 742 3730 iuvenes
764 3682 784 3732 e
806 3663 937 3733 semine
960 3663 1051 3748 regis

341 3785 578 3854 Conveniunt:
603 3785 742 3872 Agabus
763 3787 931 3874 princeps,
955 3786 1190 3874 pecudumque
1213 3785 1387 3852 Manasses

344 3909 444 3978 Dives
465 3929 578 3996 opum,
601 3909 764 3997 Iaplretus
785 3914 907 3994 custos,
931 3911 1178 3997 pulcherrimus
1199 3926 1258 3976 ore

343 4033 461 4116 Tobis,
484 4033 650 4103 Gamaliel
673 4035 781 4104 multo
802 4035 986 4104 ditissimus
1007 4053 1113 4124 agro,

338 4157 380 4225 ut
402 4177 464 4244 per
487 4158 623 4228 fabriles
644 4163 739 4228 artes
759 4159 915 4228 excultus
938 4160 1079 4246 Ioseph;

250 4283 295 4348 70
339 4283 460 4350 Eximit
484 4282 611 4351 virtute
634 4302 754 4354 omnes
776 4284 952 4372 formaque
975 4283 1097 4352 decori.

338 4407 517 4476 conventu
539 4408 576 4476 in
599 4410 709 4478 medio
729 4409 862 4495 profert
884 4409 970 4478 baec
992 4409 1084 4476 diota
1106 4405 1288 4476 Sacerdos:

338 4533 520 4602 Parthenis
541 4554 561 4604 e
583 4533 677 4602 claro
698 4533 837 4602 lessidis
856 4533 1025 4619 germine,
1049 4534 1149 4600 terna
