<?xml version="1.0" encoding="UTF-8"?>
<!DOCTYPE html PUBLIC "-//W3C//DTD XHTML 1.0 Transitional//EN"
    "http://www.w3.org/TR/xhtml1/DTD/xhtml1-transitional.dtd">
<html xmlns="http://www.w3.org/1999/xhtml" xml:lang="en" lang="en">
 <head>
  <title>
</title>
<meta http-equiv="Content-Type" content="text/html;charset=utf-8" />
  <meta name='ocr-system' content='tesseract 3.04.00' />
  <meta name='ocr-capabilities' content='ocr_page ocr_carea ocr_par ocr_line ocrx_word'/>
</head>
<body>
  <div class='ocr_page' id='page_1' title='image "./carmina00morigoog_0094.png"; bbox 0 0 3564 5376; ppageno 0'>
   <div class='ocr_carea' id='block_1_1' title="bbox 688 552 1432 619">
    <p class='ocr_par' dir='ltr' id='par_1_1' title="bbox 688 552 1432 619">
     <span class='ocr_line' id='line_1_1' title="bbox 688 552 1432 619; baseline 0.009 -7"><span class='ocrx_word' id='word_1_1' title='bbox 688 564 800 615; x_wconf 74' lang='lat' dir='ltr'>umus</span> <span class='ocrx_word' id='word_1_2' title='bbox 820 565 955 616; x_wconf 76' lang='lat' dir='ltr'>ravuvs</span> <span class='ocrx_word' id='word_1_3' title='bbox 1388 552 1432 619; x_wconf 87' lang='grc'>89</span> 
     </span>
    </p>
   </div>
   <div class='ocr_carea' id='block_1_2' title="bbox 144 691 1346 4667">
    <p class='ocr_par' dir='ltr' id='par_1_2' title="bbox 331 691 1342 1156">
     <span class='ocr_line' id='line_1_2' title="bbox 333 691 1342 774; baseline -0.002 -11"><span class='ocrx_word' id='word_1_4' title='bbox 333 697 408 764; x_wconf 85' lang='lat' dir='ltr'>Heu</span> <span class='ocrx_word' id='word_1_5' title='bbox 431 693 613 774; x_wconf 87' lang='lat' dir='ltr'>miserum,</span> <span class='ocrx_word' id='word_1_6' title='bbox 636 692 690 760; x_wconf 92' lang='lat' dir='ltr'>cui</span> <span class='ocrx_word' id='word_1_7' title='bbox 714 692 804 759; x_wconf 88' lang='lat' dir='ltr'>iusta</span> <span class='ocrx_word' id='word_1_8' title='bbox 825 693 885 760; x_wconf 87' lang='lat' dir='ltr'>Dei</span> <span class='ocrx_word' id='word_1_9' title='bbox 907 691 976 760; x_wconf 92' lang='lat' dir='ltr'>iam</span> <span class='ocrx_word' id='word_1_10' title='bbox 999 693 1069 761; x_wconf 93' lang='lat' dir='ltr'>iam</span> <span class='ocrx_word' id='word_1_11' title='bbox 1091 693 1249 762; x_wconf 84' lang='lat' dir='ltr'><strong>imminet</strong></span> <span class='ocrx_word' id='word_1_12' title='bbox 1270 694 1342 763; x_wconf 91' lang='lat' dir='ltr'>ira!</span> 
     </span>
     <span class='ocr_line' id='line_1_3' title="bbox 332 817 1213 906; baseline -0.001 -17"><span class='ocrx_word' id='word_1_13' title='bbox 332 819 535 906; x_wconf 83' lang='lat' dir='ltr'>Improvisus</span> <span class='ocrx_word' id='word_1_14' title='bbox 556 817 650 885; x_wconf 91' lang='lat' dir='ltr'>onim</span> <span class='ocrx_word' id='word_1_15' title='bbox 672 817 789 904; x_wconf 90' lang='lat' dir='ltr'>procul</span> <span class='ocrx_word' id='word_1_16' title='bbox 812 819 895 886; x_wconf 90' lang='lat' dir='ltr'>urbe</span> <span class='ocrx_word' id='word_1_17' title='bbox 917 820 1087 888; x_wconf 85' lang='lat' dir='ltr'>exercitus</span> <span class='ocrx_word' id='word_1_18' title='bbox 1108 821 1213 888; x_wconf 90' lang='lat' dir='ltr'>armis</span> 
     </span>
     <span class='ocr_line' id='line_1_4' title="bbox 331 943 1154 1033; baseline -0.005 -18"><span class='ocrx_word' id='word_1_19' title='bbox 331 946 454 1033; x_wconf 89' lang='lat' dir='ltr'>Incipit</span> <span class='ocrx_word' id='word_1_20' title='bbox 476 961 643 1031; x_wconf 89' lang='lat' dir='ltr'>apparere</span> <span class='ocrx_word' id='word_1_21' title='bbox 666 943 897 1026; x_wconf 90' lang='lat' dir='ltr'>minantibus;</span> <span class='ocrx_word' id='word_1_22' title='bbox 921 963 1027 1012; x_wconf 91' lang='lat' dir='ltr'>aurea</span> <span class='ocrx_word' id='word_1_23' title='bbox 1048 944 1154 1014; x_wconf 89' lang='lat' dir='ltr'>solem</span> 
     </span>
     <span class='ocr_line' id='line_1_5' title="bbox 332 1069 1241 1156; baseline 0 -17"><span class='ocrx_word' id='word_1_24' title='bbox 332 1073 458 1140; x_wconf 83' lang='lat' dir='ltr'>Contra</span> <span class='ocrx_word' id='word_1_25' title='bbox 478 1074 577 1139; x_wconf 89' lang='lat' dir='ltr'>scuta</span> <span class='ocrx_word' id='word_1_26' title='bbox 599 1069 729 1138; x_wconf 79' lang='lat' dir='ltr'><strong>micant</strong></span> <span class='ocrx_word' id='word_1_27' title='bbox 748 1070 959 1155; x_wconf 80' lang='lat' dir='ltr'>galeaeque,</span> <span class='ocrx_word' id='word_1_28' title='bbox 983 1070 1119 1138; x_wconf 87' lang='lat' dir='ltr'>hostilia</span> <span class='ocrx_word' id='word_1_29' title='bbox 1140 1072 1241 1156; x_wconf 86' lang='lat' dir='ltr'>signa</span> 
     </span>
    </p>

    <p class='ocr_par' dir='ltr' id='par_1_3' title="bbox 225 1194 1342 1783">
     <span class='ocr_line' id='line_1_6' title="bbox 225 1194 1214 1282; baseline -0.001 -15"><span class='ocrx_word' id='word_1_30' title='bbox 225 1203 286 1267; x_wconf 82' lang='lat'>170</span> <span class='ocrx_word' id='word_1_31' title='bbox 331 1200 546 1276; x_wconf 79' lang='lat' dir='ltr'>cernuntur,</span> <span class='ocrx_word' id='word_1_32' title='bbox 569 1197 693 1264; x_wconf 90' lang='lat' dir='ltr'>densas</span> <span class='ocrx_word' id='word_1_33' title='bbox 715 1199 752 1263; x_wconf 90' lang='lat' dir='ltr'>et</span> <span class='ocrx_word' id='word_1_34' title='bbox 774 1196 885 1282; x_wconf 90' lang='lat' dir='ltr'>pulvis</span> <span class='ocrx_word' id='word_1_35' title='bbox 907 1194 1016 1265; x_wconf 82' lang='lat' dir='ltr'>fertur</span> <span class='ocrx_word' id='word_1_36' title='bbox 1037 1198 1080 1266; x_wconf 92' lang='lat' dir='ltr'>ad</span> <span class='ocrx_word' id='word_1_37' title='bbox 1103 1217 1214 1266; x_wconf 83' lang='lat' dir='ltr'>auras</span> 
     </span>
     <span class='ocr_line' id='line_1_7' title="bbox 333 1322 1248 1408; baseline 0.001 -16"><span class='ocrx_word' id='word_1_38' title='bbox 333 1325 432 1393; x_wconf 86' lang='lat' dir='ltr'>Plebs</span> <span class='ocrx_word' id='word_1_39' title='bbox 454 1327 572 1394; x_wconf 84' lang='lat' dir='ltr'>tamen</span> <span class='ocrx_word' id='word_1_40' title='bbox 594 1323 750 1407; x_wconf 84' lang='lat' dir='ltr'>indulget</span> <span class='ocrx_word' id='word_1_41' title='bbox 772 1322 881 1406; x_wconf 90' lang='lat' dir='ltr'>ludis,</span> <span class='ocrx_word' id='word_1_42' title='bbox 906 1323 1105 1408; x_wconf 87' lang='lat' dir='ltr'>babylonius</span> <span class='ocrx_word' id='word_1_43' title='bbox 1126 1326 1164 1392; x_wconf 90' lang='lat' dir='ltr'>et</span> <span class='ocrx_word' id='word_1_44' title='bbox 1186 1345 1248 1394; x_wconf 86' lang='lat' dir='ltr'>rex</span> 
     </span>
     <span class='ocr_line' id='line_1_8' title="bbox 332 1445 1233 1532; baseline -0.004 -16"><span class='ocrx_word' id='word_1_45' title='bbox 332 1449 440 1516; x_wconf 85' lang='lat' dir='ltr'>Laeta</span> <span class='ocrx_word' id='word_1_46' title='bbox 460 1448 577 1532; x_wconf 88' lang='lat' dir='ltr'>parat;</span> <span class='ocrx_word' id='word_1_47' title='bbox 600 1461 723 1514; x_wconf 88' lang='lat' dir='ltr'>caecae</span> <span class='ocrx_word' id='word_1_48' title='bbox 746 1447 846 1512; x_wconf 89' lang='lat' dir='ltr'>tanta</span> <span class='ocrx_word' id='word_1_49' title='bbox 868 1446 921 1512; x_wconf 89' lang='lat' dir='ltr'>est</span> <span class='ocrx_word' id='word_1_50' title='bbox 943 1445 1067 1513; x_wconf 84' lang='lat' dir='ltr'>fiducia</span> <span class='ocrx_word' id='word_1_51' title='bbox 1088 1446 1233 1514; x_wconf 87' lang='lat' dir='ltr'>mentis!</span> 
     </span>
     <span class='ocr_line' id='line_1_9' title="bbox 333 1567 1342 1657; baseline 0 -18"><span class='ocrx_word' id='word_1_52' title='bbox 333 1575 423 1657; x_wconf 80' lang='lat' dir='ltr'>Ergo</span> <span class='ocrx_word' id='word_1_53' title='bbox 442 1588 531 1656; x_wconf 86' lang='lat' dir='ltr'>age,</span> <span class='ocrx_word' id='word_1_54' title='bbox 558 1573 595 1638; x_wconf 90' lang='lat' dir='ltr'>et</span> <span class='ocrx_word' id='word_1_55' title='bbox 615 1569 777 1637; x_wconf 88' lang='lat' dir='ltr'>instantis</span> <span class='ocrx_word' id='word_1_56' title='bbox 798 1567 946 1654; x_wconf 92' lang='lat' dir='ltr'>primum</span> <span class='ocrx_word' id='word_1_57' title='bbox 968 1586 1056 1656; x_wconf 89' lang='lat' dir='ltr'>quae</span> <span class='ocrx_word' id='word_1_58' title='bbox 1078 1589 1182 1640; x_wconf 86' lang='lat' dir='ltr'>causa</span> <span class='ocrx_word' id='word_1_59' title='bbox 1204 1573 1342 1657; x_wconf 92' lang='lat' dir='ltr'>pericli,</span> 
     </span>
     <span class='ocr_line' id='line_1_10' title="bbox 332 1692 1266 1783; baseline 0 -21"><span class='ocrx_word' id='word_1_60' title='bbox 332 1697 447 1776; x_wconf 84' lang='lat' dir='ltr'>Musa,</span> <span class='ocrx_word' id='word_1_61' title='bbox 471 1694 575 1775; x_wconf 88' lang='lat' dir='ltr'>doce,</span> <span class='ocrx_word' id='word_1_62' title='bbox 598 1695 635 1762; x_wconf 91' lang='lat' dir='ltr'>et</span> <span class='ocrx_word' id='word_1_63' title='bbox 656 1695 776 1760; x_wconf 85' lang='lat' dir='ltr'>tantae</span> <span class='ocrx_word' id='word_1_64' title='bbox 799 1692 903 1760; x_wconf 76' lang='lat' dir='ltr'>tuerit</span> <span class='ocrx_word' id='word_1_65' title='bbox 925 1710 1013 1779; x_wconf 92' lang='lat' dir='ltr'>quae</span> <span class='ocrx_word' id='word_1_66' title='bbox 1035 1694 1141 1763; x_wconf 89' lang='lat' dir='ltr'>cladis</span> <span class='ocrx_word' id='word_1_67' title='bbox 1161 1695 1266 1783; x_wconf 91' lang='lat' dir='ltr'>origo.</span> 
     </span>
    </p>

    <p class='ocr_par' dir='ltr' id='par_1_4' title="bbox 223 1817 1314 2405">
     <span class='ocr_line' id='line_1_11' title="bbox 223 1817 1217 1903; baseline 0 -16"><span class='ocrx_word' id='word_1_68' title='bbox 223 1823 286 1887; x_wconf 83' lang='lat'>175</span> <span class='ocrx_word' id='word_1_69' title='bbox 418 1821 580 1886; x_wconf 86' lang='lat' dir='ltr'>Dumosos</span> <span class='ocrx_word' id='word_1_70' title='bbox 600 1817 702 1884; x_wconf 83' lang='lat' dir='ltr'>Asiae</span> <span class='ocrx_word' id='word_1_71' title='bbox 725 1817 881 1899; x_wconf 91' lang='lat' dir='ltr'>montes,</span> <span class='ocrx_word' id='word_1_72' title='bbox 904 1817 1092 1902; x_wconf 89' lang='lat' dir='ltr'>asperrima</span> <span class='ocrx_word' id='word_1_73' title='bbox 1113 1837 1217 1903; x_wconf 81' lang='lat' dir='ltr'>saxa,</span> 
     </span>
     <span class='ocr_line' id='line_1_12' title="bbox 330 1941 1314 2031; baseline 0.002 -19"><span class='ocrx_word' id='word_1_74' title='bbox 330 1945 422 2014; x_wconf 83' lang='lat' dir='ltr'>Gens</span> <span class='ocrx_word' id='word_1_75' title='bbox 443 1961 584 2031; x_wconf 90' lang='lat' dir='ltr'>operum</span> <span class='ocrx_word' id='word_1_76' title='bbox 606 1941 742 2028; x_wconf 88' lang='lat' dir='ltr'>patiens</span> <span class='ocrx_word' id='word_1_77' title='bbox 763 1941 960 2024; x_wconf 75' lang='lat' dir='ltr'>habitabat,</span> <span class='ocrx_word' id='word_1_78' title='bbox 985 1946 1021 2012; x_wconf 90' lang='lat' dir='ltr'>et</span> <span class='ocrx_word' id='word_1_79' title='bbox 1043 1943 1190 2031; x_wconf 87' lang='lat' dir='ltr'>impigra</span> <span class='ocrx_word' id='word_1_80' title='bbox 1211 1945 1314 2014; x_wconf 90' lang='lat' dir='ltr'>silvas</span> 
     </span>
     <span class='ocr_line' id='line_1_13' title="bbox 330 2067 1123 2156; baseline -0.004 -15"><span class='ocrx_word' id='word_1_81' title='bbox 330 2074 473 2142; x_wconf 82' lang='lat' dir='ltr'>Currere</span> <span class='ocrx_word' id='word_1_82' title='bbox 508 2072 702 2156; x_wconf 86' lang='lat' dir='ltr'>venatuque</span> <span class='ocrx_word' id='word_1_83' title='bbox 726 2067 816 2136; x_wconf 84' lang='lat' dir='ltr'>toras</span> <span class='ocrx_word' id='word_1_84' title='bbox 837 2087 961 2156; x_wconf 85' lang='lat' dir='ltr'>urgere</span> <span class='ocrx_word' id='word_1_85' title='bbox 982 2072 1123 2139; x_wconf 86' lang='lat' dir='ltr'>solebat.</span> 
     </span>
     <span class='ocr_line' id='line_1_14' title="bbox 331 2192 1067 2278; baseline 0 -14"><span class='ocrx_word' id='word_1_86' title='bbox 331 2197 449 2266; x_wconf 86' lang='lat' dir='ltr'>Parati</span> <span class='ocrx_word' id='word_1_87' title='bbox 472 2213 604 2264; x_wconf 90' lang='lat' dir='ltr'>mores:</span> <span class='ocrx_word' id='word_1_88' title='bbox 627 2211 700 2262; x_wconf 91' lang='lat' dir='ltr'>non</span> <span class='ocrx_word' id='word_1_89' title='bbox 723 2192 829 2262; x_wconf 80' lang='lat' dir='ltr'>fastus</span> <span class='ocrx_word' id='word_1_90' title='bbox 851 2194 922 2262; x_wconf 90' lang='lat' dir='ltr'>ulla</span> <span class='ocrx_word' id='word_1_91' title='bbox 943 2194 1067 2278; x_wconf 89' lang='lat' dir='ltr'>libido,</span> 
     </span>
     <span class='ocr_line' id='line_1_15' title="bbox 332 2317 1162 2405; baseline -0.001 -16"><span class='ocrx_word' id='word_1_92' title='bbox 332 2321 449 2390; x_wconf 88' lang='lat' dir='ltr'>Nullus</span> <span class='ocrx_word' id='word_1_93' title='bbox 470 2336 573 2405; x_wconf 92' lang='lat' dir='ltr'>opum</span> <span class='ocrx_word' id='word_1_94' title='bbox 596 2337 660 2386; x_wconf 92' lang='lat' dir='ltr'>nec</span> <span class='ocrx_word' id='word_1_95' title='bbox 682 2317 791 2385; x_wconf 88' lang='lat' dir='ltr'>laudis</span> <span class='ocrx_word' id='word_1_96' title='bbox 811 2335 928 2385; x_wconf 91' lang='lat' dir='ltr'>amor:</span> <span class='ocrx_word' id='word_1_97' title='bbox 954 2319 1083 2387; x_wconf 87' lang='lat' dir='ltr'>felicior</span> <span class='ocrx_word' id='word_1_98' title='bbox 1106 2320 1162 2388; x_wconf 89' lang='lat' dir='ltr'>illo</span> 
     </span>
    </p>

    <p class='ocr_par' dir='ltr' id='par_1_5' title="bbox 221 2442 1274 3034">
     <span class='ocr_line' id='line_1_16' title="bbox 221 2442 1196 2534; baseline 0 -19"><span class='ocrx_word' id='word_1_99' title='bbox 221 2453 284 2518; x_wconf 89' lang='grc'>180</span> <span class='ocrx_word' id='word_1_100' title='bbox 329 2447 390 2516; x_wconf 89' lang='lat' dir='ltr'>cui</span> <span class='ocrx_word' id='word_1_101' title='bbox 413 2447 538 2532; x_wconf 89' lang='lat' dir='ltr'>parent</span> <span class='ocrx_word' id='word_1_102' title='bbox 559 2443 726 2529; x_wconf 91' lang='lat' dir='ltr'>pecudes,</span> <span class='ocrx_word' id='word_1_103' title='bbox 750 2446 787 2510; x_wconf 91' lang='lat' dir='ltr'>et</span> <span class='ocrx_word' id='word_1_104' title='bbox 807 2442 900 2530; x_wconf 89' lang='lat' dir='ltr'>pleni</span> <span class='ocrx_word' id='word_1_105' title='bbox 923 2445 1044 2530; x_wconf 83' lang='lat' dir='ltr'>iugera</span> <span class='ocrx_word' id='word_1_106' title='bbox 1064 2448 1196 2534; x_wconf 90' lang='lat' dir='ltr'>campi:</span> 
     </span>
     <span class='ocr_line' id='line_1_17' title="bbox 330 2569 1226 2653; baseline 0.001 -13"><span class='ocrx_word' id='word_1_107' title='bbox 330 2572 468 2641; x_wconf 85' lang='lat' dir='ltr'>Medeae</span> <span class='ocrx_word' id='word_1_108' title='bbox 492 2570 544 2638; x_wconf 92' lang='lat' dir='ltr'>bis</span> <span class='ocrx_word' id='word_1_109' title='bbox 564 2570 716 2653; x_wconf 90' lang='lat' dir='ltr'>soboles,</span> <span class='ocrx_word' id='word_1_110' title='bbox 741 2569 793 2637; x_wconf 93' lang='lat' dir='ltr'>bis</span> <span class='ocrx_word' id='word_1_111' title='bbox 814 2587 942 2638; x_wconf 89' lang='lat' dir='ltr'>nomen</span> <span class='ocrx_word' id='word_1_112' title='bbox 964 2573 1109 2640; x_wconf 87' lang='lat' dir='ltr'>Perseus</span> <span class='ocrx_word' id='word_1_113' title='bbox 1129 2573 1226 2641; x_wconf 81' lang='lat' dir='ltr'>indit</span> 
     </span>
     <span class='ocr_line' id='line_1_18' title="bbox 329 2693 1274 2783; baseline 0.003 -18"><span class='ocrx_word' id='word_1_114' title='bbox 329 2697 417 2766; x_wconf 88' lang='lat' dir='ltr'>llinc</span> <span class='ocrx_word' id='word_1_115' title='bbox 438 2697 542 2782; x_wconf 90' lang='lat' dir='ltr'>caput</span> <span class='ocrx_word' id='word_1_116' title='bbox 564 2693 686 2762; x_wconf 86' lang='lat' dir='ltr'>excidii</span> <span class='ocrx_word' id='word_1_117' title='bbox 709 2693 862 2779; x_wconf 89' lang='lat' dir='ltr'>Babylon</span> <span class='ocrx_word' id='word_1_118' title='bbox 885 2697 922 2763; x_wconf 91' lang='lat' dir='ltr'>et</span> <span class='ocrx_word' id='word_1_119' title='bbox 943 2695 1076 2764; x_wconf 90' lang='lat' dir='ltr'>semina</span> <span class='ocrx_word' id='word_1_120' title='bbox 1097 2695 1274 2783; x_wconf 85' lang='lat' dir='ltr'>fiammae,</span> 
     </span>
     <span class='ocr_line' id='line_1_19' title="bbox 329 2821 1216 2910; baseline 0 -18"><span class='ocrx_word' id='word_1_121' title='bbox 329 2825 423 2900; x_wconf 87' lang='lat' dir='ltr'>Quae</span> <span class='ocrx_word' id='word_1_122' title='bbox 445 2823 546 2890; x_wconf 91' lang='lat' dir='ltr'>tanta</span> <span class='ocrx_word' id='word_1_123' title='bbox 567 2821 716 2906; x_wconf 86' lang='lat' dir='ltr'>assyriae</span> <span class='ocrx_word' id='word_1_124' title='bbox 739 2837 905 2906; x_wconf 86' lang='lat' dir='ltr'>peperere</span> <span class='ocrx_word' id='word_1_125' title='bbox 928 2821 1088 2890; x_wconf 89' lang='lat' dir='ltr'>incendia</span> <span class='ocrx_word' id='word_1_126' title='bbox 1108 2827 1216 2910; x_wconf 86' lang='lat' dir='ltr'>genti.</span> 
     </span>
     <span class='ocr_line' id='line_1_20' title="bbox 329 2945 1156 3034; baseline -0.002 -16"><span class='ocrx_word' id='word_1_127' title='bbox 329 2951 416 3018; x_wconf 87' lang='lat' dir='ltr'>Nam</span> <span class='ocrx_word' id='word_1_128' title='bbox 439 2965 501 3015; x_wconf 85' lang='lat' dir='ltr'>rex</span> <span class='ocrx_word' id='word_1_129' title='bbox 523 2946 726 3028; x_wconf 79' lang='lat' dir='ltr'>chaldaeae,</span> <span class='ocrx_word' id='word_1_130' title='bbox 749 2945 843 3014; x_wconf 88' lang='lat' dir='ltr'>lusus</span> <span class='ocrx_word' id='word_1_131' title='bbox 863 2947 919 3014; x_wconf 90' lang='lat' dir='ltr'>cui</span> <span class='ocrx_word' id='word_1_132' title='bbox 941 2946 1013 3014; x_wconf 92' lang='lat' dir='ltr'>sola</span> <span class='ocrx_word' id='word_1_133' title='bbox 1034 2949 1156 3034; x_wconf 89' lang='lat' dir='ltr'>cupido</span> 
     </span>
    </p>

    <p class='ocr_par' dir='ltr' id='par_1_6' title="bbox 144 3073 1330 3535">
     <span class='ocr_line' id='line_1_21' title="bbox 144 3073 1330 3164; baseline 0.001 -19"><span class='ocrx_word' id='word_1_134' title='bbox 144 3075 149 3090; x_wconf 93' lang='lat'>&#39;</span> <span class='ocrx_word' id='word_1_135' title='bbox 221 3079 284 3145; x_wconf 88' lang='lat'>185</span> <span class='ocrx_word' id='word_1_136' title='bbox 327 3073 573 3156; x_wconf 73' lang='lat' dir='ltr'>coruscaret,</span> <span class='ocrx_word' id='word_1_137' title='bbox 596 3074 770 3158; x_wconf 88' lang='lat' dir='ltr'>satrapum</span> <span class='ocrx_word' id='word_1_138' title='bbox 792 3075 909 3159; x_wconf 88' lang='lat' dir='ltr'>septus</span> <span class='ocrx_word' id='word_1_139' title='bbox 931 3075 1158 3164; x_wconf 88' lang='lat' dir='ltr'>comitumque</span> <span class='ocrx_word' id='word_1_140' title='bbox 1182 3097 1330 3163; x_wconf 89' lang='lat' dir='ltr'>corona,</span> 
     </span>
     <span class='ocr_line' id='line_1_22' title="bbox 329 3200 1250 3290; baseline 0.003 -21"><span class='ocrx_word' id='word_1_141' title='bbox 329 3203 422 3269; x_wconf 87' lang='lat' dir='ltr'>Haec</span> <span class='ocrx_word' id='word_1_142' title='bbox 444 3201 525 3286; x_wconf 88' lang='lat' dir='ltr'>iuga</span> <span class='ocrx_word' id='word_1_143' title='bbox 548 3200 735 3267; x_wconf 83' lang='lat' dir='ltr'>venaturus</span> <span class='ocrx_word' id='word_1_144' title='bbox 756 3200 849 3284; x_wconf 88' lang='lat' dir='ltr'>adit,</span> <span class='ocrx_word' id='word_1_145' title='bbox 873 3218 1057 3288; x_wconf 90' lang='lat' dir='ltr'>currusque</span> <span class='ocrx_word' id='word_1_146' title='bbox 1081 3221 1250 3290; x_wconf 87' lang='lat' dir='ltr'>canesque</span> 
     </span>
     <span class='ocr_line' id='line_1_23' title="bbox 331 3322 1138 3394; baseline 0.001 -3"><span class='ocrx_word' id='word_1_147' title='bbox 331 3323 506 3392; x_wconf 88' lang='lat' dir='ltr'>innumeri</span> <span class='ocrx_word' id='word_1_148' title='bbox 528 3324 676 3390; x_wconf 89' lang='lat' dir='ltr'>subcunt</span> <span class='ocrx_word' id='word_1_149' title='bbox 696 3322 810 3391; x_wconf 89' lang='lat' dir='ltr'>silvosi</span> <span class='ocrx_word' id='word_1_150' title='bbox 832 3323 982 3393; x_wconf 91' lang='lat' dir='ltr'>culmina</span> <span class='ocrx_word' id='word_1_151' title='bbox 1005 3328 1138 3394; x_wconf 91' lang='lat' dir='ltr'>montis.</span> 
     </span>
     <span class='ocr_line' id='line_1_24' title="bbox 328 3449 1120 3535; baseline 0.004 -18"><span class='ocrx_word' id='word_1_152' title='bbox 328 3450 499 3518; x_wconf 89' lang='lat' dir='ltr'>Primores</span> <span class='ocrx_word' id='word_1_153' title='bbox 519 3450 612 3518; x_wconf 86' lang='lat' dir='ltr'>inter</span> <span class='ocrx_word' id='word_1_154' title='bbox 632 3449 827 3535; x_wconf 90' lang='lat' dir='ltr'>spectabilis</span> <span class='ocrx_word' id='word_1_155' title='bbox 849 3451 979 3519; x_wconf 92' lang='lat' dir='ltr'>eminet</span> <span class='ocrx_word' id='word_1_156' title='bbox 1000 3469 1120 3520; x_wconf 90' lang='lat' dir='ltr'>omnes</span> 
     </span>
    </p>

    <p class='ocr_par' dir='ltr' id='par_1_7' title="bbox 218 3575 1263 3666">
     <span class='ocr_line' id='line_1_25' title="bbox 218 3575 1263 3666; baseline 0 -21"><span class='ocrx_word' id='word_1_157' title='bbox 218 3609 223 3616; x_wconf 95' lang='lat'>·</span> <span class='ocrx_word' id='word_1_158' title='bbox 329 3575 478 3662; x_wconf 84' lang='lat' dir='ltr'>Impiger</span> <span class='ocrx_word' id='word_1_159' title='bbox 499 3575 657 3660; x_wconf 83' lang='lat' dir='ltr'>Assyrius</span> <span class='ocrx_word' id='word_1_160' title='bbox 678 3575 890 3664; x_wconf 90' lang='lat' dir='ltr'>domitorque</span> <span class='ocrx_word' id='word_1_161' title='bbox 913 3578 1058 3664; x_wconf 88' lang='lat' dir='ltr'>insignis</span> <span class='ocrx_word' id='word_1_162' title='bbox 1079 3597 1263 3666; x_wconf 91' lang='lat' dir='ltr'>equorum:</span> 
     </span>
    </p>

    <p class='ocr_par' dir='ltr' id='par_1_8' title="bbox 222 3701 1311 4288">
     <span class='ocr_line' id='line_1_26' title="bbox 222 3701 1311 3790; baseline 0.003 -21"><span class='ocrx_word' id='word_1_163' title='bbox 222 3705 283 3769; x_wconf 84' lang='lat'>190</span> <span class='ocrx_word' id='word_1_164' title='bbox 329 3701 387 3769; x_wconf 78' lang='lat' dir='ltr'>Est</span> <span class='ocrx_word' id='word_1_165' title='bbox 409 3701 549 3768; x_wconf 80' lang='lat' dir='ltr'>Gobries</span> <span class='ocrx_word' id='word_1_166' title='bbox 569 3701 660 3784; x_wconf 85' lang='lat' dir='ltr'>dux,</span> <span class='ocrx_word' id='word_1_167' title='bbox 683 3703 736 3770; x_wconf 90' lang='lat' dir='ltr'>est</span> <span class='ocrx_word' id='word_1_168' title='bbox 758 3703 928 3787; x_wconf 88' lang='lat' dir='ltr'>Gadatas,</span> <span class='ocrx_word' id='word_1_169' title='bbox 952 3704 1103 3789; x_wconf 85' lang='lat' dir='ltr'>fidusque</span> <span class='ocrx_word' id='word_1_170' title='bbox 1128 3704 1311 3790; x_wconf 89' lang='lat' dir='ltr'>Malassar‚</span> 
     </span>
     <span class='ocr_line' id='line_1_27' title="bbox 330 3825 1199 3912; baseline 0.005 -20"><span class='ocrx_word' id='word_1_171' title='bbox 330 3827 372 3892; x_wconf 86' lang='lat' dir='ltr'>Et</span> <span class='ocrx_word' id='word_1_172' title='bbox 394 3825 541 3911; x_wconf 88' lang='lat' dir='ltr'>Neregel</span> <span class='ocrx_word' id='word_1_173' title='bbox 564 3825 665 3892; x_wconf 85' lang='lat' dir='ltr'>velox</span> <span class='ocrx_word' id='word_1_174' title='bbox 687 3826 806 3894; x_wconf 90' lang='lat' dir='ltr'>iaculis</span> <span class='ocrx_word' id='word_1_175' title='bbox 827 3830 864 3895; x_wconf 90' lang='lat' dir='ltr'>et</span> <span class='ocrx_word' id='word_1_176' title='bbox 887 3828 1075 3912; x_wconf 87' lang='lat' dir='ltr'>Rabsares,</span> <span class='ocrx_word' id='word_1_177' title='bbox 1098 3831 1199 3896; x_wconf 90' lang='lat' dir='ltr'>ambo</span> 
     </span>
     <span class='ocr_line' id='line_1_28' title="bbox 328 3947 1239 4036; baseline 0.005 -20"><span class='ocrx_word' id='word_1_178' title='bbox 328 3947 468 4016; x_wconf 74' lang='lat' dir='ltr'>nancta</span> <span class='ocrx_word' id='word_1_179' title='bbox 491 3948 627 4032; x_wconf 88' lang='lat' dir='ltr'>Solyma</span> <span class='ocrx_word' id='word_1_180' title='bbox 650 3949 835 4036; x_wconf 89' lang='lat' dir='ltr'>tractisque</span> <span class='ocrx_word' id='word_1_181' title='bbox 857 3951 895 4017; x_wconf 96' lang='lat' dir='ltr'>in</span> <span class='ocrx_word' id='word_1_182' title='bbox 918 3952 1055 4020; x_wconf 89' lang='lat' dir='ltr'>vincula</span> <span class='ocrx_word' id='word_1_183' title='bbox 1077 3954 1239 4022; x_wconf 89' lang='lat' dir='ltr'>Hebraeis</span> 
     </span>
     <span class='ocr_line' id='line_1_29' title="bbox 327 4071 1236 4160; baseline 0.006 -20"><span class='ocrx_word' id='word_1_184' title='bbox 327 4071 501 4155; x_wconf 82' lang='lat' dir='ltr'>Illustres3</span> <span class='ocrx_word' id='word_1_185' title='bbox 523 4077 713 4142; x_wconf 90' lang='lat' dir='ltr'>venantum</span> <span class='ocrx_word' id='word_1_186' title='bbox 735 4093 862 4160; x_wconf 89' lang='lat' dir='ltr'>agmen</span> <span class='ocrx_word' id='word_1_187' title='bbox 885 4077 1080 4144; x_wconf 90' lang='lat' dir='ltr'>moderatur</span> <span class='ocrx_word' id='word_1_188' title='bbox 1102 4077 1236 4145; x_wconf 86' lang='lat' dir='ltr'>Arioch.</span> 
     </span>
     <span class='ocr_line' id='line_1_30' title="bbox 328 4197 997 4288; baseline 0.004 -24"><span class='ocrx_word' id='word_1_189' title='bbox 328 4197 527 4266; x_wconf 86' lang='lat' dir='ltr'>incustoditi</span> <span class='ocrx_word' id='word_1_190' title='bbox 549 4199 734 4267; x_wconf 91' lang='lat' dir='ltr'>viridantia</span> <span class='ocrx_word' id='word_1_191' title='bbox 756 4217 883 4287; x_wconf 89' lang='lat' dir='ltr'>pascua</span> <span class='ocrx_word' id='word_1_192' title='bbox 904 4203 997 4288; x_wconf 89' lang='lat' dir='ltr'>capri</span> 
     </span>
    </p>

    <p class='ocr_par' dir='ltr' id='par_1_9' title="bbox 221 4325 1346 4667">
     <span class='ocr_line' id='line_1_31' title="bbox 221 4325 1239 4412; baseline 0.007 -23"><span class='ocrx_word' id='word_1_193' title='bbox 221 4325 283 4390; x_wconf 88' lang='lat'>195</span> <span class='ocrx_word' id='word_1_194' title='bbox 327 4325 429 4390; x_wconf 88' lang='lat' dir='ltr'>Forte</span> <span class='ocrx_word' id='word_1_195' title='bbox 450 4325 694 4410; x_wconf 88' lang='lat' dir='ltr'>pererrabant;</span> <span class='ocrx_word' id='word_1_196' title='bbox 717 4327 847 4411; x_wconf 92' lang='lat' dir='ltr'>timidi,</span> <span class='ocrx_word' id='word_1_197' title='bbox 872 4330 930 4395; x_wconf 87' lang='lat' dir='ltr'>vix</span> <span class='ocrx_word' id='word_1_198' title='bbox 952 4329 1093 4398; x_wconf 89' lang='lat' dir='ltr'>advenit</span> <span class='ocrx_word' id='word_1_199' title='bbox 1115 4329 1239 4412; x_wconf 90' lang='lat' dir='ltr'>ingens</span> 
     </span>
     <span class='ocr_line' id='line_1_32' title="bbox 328 4449 1346 4543; baseline 0.009 -26"><span class='ocrx_word' id='word_1_200' title='bbox 328 4449 441 4518; x_wconf 85' lang='lat' dir='ltr'>Turba</span> <span class='ocrx_word' id='word_1_201' title='bbox 462 4451 593 4537; x_wconf 91' lang='lat' dir='ltr'>virum,</span> <span class='ocrx_word' id='word_1_202' title='bbox 616 4453 817 4538; x_wconf 86' lang='lat' dir='ltr'>aufugiunt,</span> <span class='ocrx_word' id='word_1_203' title='bbox 842 4456 1033 4543; x_wconf 88' lang='lat' dir='ltr'>raptimque</span> <span class='ocrx_word' id='word_1_204' title='bbox 1055 4474 1117 4542; x_wconf 93' lang='lat' dir='ltr'>per</span> <span class='ocrx_word' id='word_1_205' title='bbox 1138 4455 1218 4523; x_wconf 89' lang='lat' dir='ltr'>avia</span> <span class='ocrx_word' id='word_1_206' title='bbox 1239 4456 1346 4526; x_wconf 91' lang='lat' dir='ltr'>silvae</span> 
     </span>
     <span class='ocr_line' id='line_1_33' title="bbox 328 4579 1229 4667; baseline 0.002 -21"><span class='ocrx_word' id='word_1_207' title='bbox 328 4579 547 4660; x_wconf 88' lang='lat' dir='ltr'>Discurrunt,</span> <span class='ocrx_word' id='word_1_208' title='bbox 572 4579 697 4665; x_wconf 89' lang='lat' dir='ltr'>rapidis</span> <span class='ocrx_word' id='word_1_209' title='bbox 719 4581 859 4667; x_wconf 90' lang='lat' dir='ltr'>pedibus</span> <span class='ocrx_word' id='word_1_210' title='bbox 881 4600 989 4667; x_wconf 91' lang='lat' dir='ltr'>pavor</span> <span class='ocrx_word' id='word_1_211' title='bbox 1010 4582 1127 4650; x_wconf 92' lang='lat' dir='ltr'>adiicit</span> <span class='ocrx_word' id='word_1_212' title='bbox 1148 4581 1229 4650; x_wconf 83' lang='lat' dir='ltr'>alas.</span> 
     </span>
    </p>
   </div>
   <div class='ocr_carea' id='block_1_3' title="bbox 0 0 1786 5376">
    <p class='ocr_par' dir='ltr' id='par_1_10' title="bbox 0 0 1786 5376">
     <span class='ocr_line' id='line_1_34' title="bbox 0 0 1786 5376; baseline 0 0"><span class='ocrx_word' id='word_1_213' title='bbox 0 0 1786 5376; x_wconf 95' lang='lat' dir='ltr'> </span> 
     </span>
    </p>
   </div>
  </div>
 </body>
</html>
