3472 5360
812 493 1050 548 nuniuunmos

432 626 555 694 isaias:
581 627 691 692 turres
712 626 748 691 et
772 619 1027 708 propugnacula
1049 620 1173 706 passim

433 753 596 835 Disiecta,
620 767 806 836 eversoque
830 747 983 816 labantia
1006 746 1141 813 moenia
1164 747 1271 830 vallo,

433 879 654 961 Desertasque
678 874 751 940 vias
772 872 882 950 luctu,
907 871 1093 956 templique
1116 870 1249 952 ruinas,

433 1003 523 1078 Quas
546 999 638 1066 furor
660 1014 831 1065 armorum
853 995 1045 1063 cumularat
1069 991 1272 1079 flammaque
1296 993 1431 1062 vindex.

350 1129 389 1192 10
434 1126 529 1193 Neve
552 1123 599 1210 pii
622 1124 785 1190 resonant
808 1120 927 1204 hymni
949 1120 1170 1204 citharaeque
1193 1118 1380 1204 tubaeque,

434 1251 528 1318 Neve
550 1265 646 1316 sacer
668 1245 882 1332 praecinctus
908 1243 1020 1331 ephod
1042 1245 1102 1312 dat
1123 1247 1202 1312 tura
1224 1243 1388 1311 minister.

433 1377 477 1440 nt
498 1369 628 1459 speeies
649 1371 737 1438 vatis
760 1368 1000 1453 moestissima,
1022 1371 1137 1436 cretus
1158 1365 1354 1450 Anathoth,

434 1501 541 1575 Quem
565 1496 678 1563 nullae
701 1495 843 1580 Solymis
866 1496 1006 1580 potuere
1026 1495 1184 1563 avertere
1208 1492 1336 1574 clades,

436 1622 610 1690 Attonitus
631 1620 729 1687 vultu
751 1636 793 1686 ac
815 1620 972 1705 turpatus
993 1619 1134 1704 pulvere
1157 1619 1285 1702 crines,

348 1751 389 1817 15
433 1751 472 1816 ln
495 1745 615 1814 mediis
637 1745 759 1813 haeret
780 1744 918 1812 discissa
940 1746 1036 1811 veste
1058 1743 1184 1826 ruinis,

433 1873 655 1958 ingeminans
677 1868 776 1938 fletus
797 1871 835 1936 et
856 1867 1079 1936 lamentabile
1099 1885 1249 1936 carmen.

520 1997 593 2066 Heu
617 1994 720 2061 mihi!
744 2011 833 2081 quae
856 1991 980 2062 florens
994 1992 1114 2079 opibus
1135 1993 1325 2079 populoque
1343 1993 1514 2078 frequenti

432 2125 503 2190 lam
527 2121 660 2203 tuerat,
685 2139 831 2188 vacuam
856 2137 961 2188 cerno
984 2121 1054 2187 iam
1077 2120 1206 2186 civibus
1227 2120 1367 2186 urbem:

436 2249 477 2313 Et
499 2246 620 2331 regina
642 2245 740 2328 olim,
764 2263 856 2312 nunc
879 2243 1063 2330 vectigalia
1084 2245 1186 2311 solvit

346 2377 390 2441 20
435 2374 477 2440 Et
497 2374 633 2441 deserta
654 2371 770 2452 sedet,
795 2372 918 2439 viduae
942 2371 1127 2440 moerentis
1149 2370 1272 2454 imago.

435 2500 542 2566 Nocte
564 2498 706 2580 silente,
728 2513 837 2585 genes
859 2496 1009 2566 lacrimis
1030 2495 1205 2582 pertundit
1225 2495 1368 2578 amaris3

436 2623 554 2692 Nullus
575 2623 686 2708 adest,
710 2623 795 2690 nulli
818 2623 978 2694 miseram
1000 2625 1155 2692 solantur
1175 2624 1278 2692 amici
1285 2642 1295 2707 ;

435 2751 524 2827 Quin
547 2752 585 2818 et
606 2750 797 2836 despiciunt
817 2754 871 2833 et,
895 2750 989 2836 vulgi
1011 2751 1143 2818 mobilis
1165 2752 1294 2832 instar,

434 2875 614 2944 conversis
635 2875 772 2960 studiis,
802 2875 913 2944 hostili
937 2880 1054 2944 mente
1077 2876 1256 2945 lacessunt.

349 3004 391 3068 25
434 3001 617 3068 Servitium
639 3000 775 3069 crudele
799 3001 878 3069 tulit
900 3002 1112 3071 miserandus
1133 3003 1253 3070 ludas:

435 3126 619 3193 Conficitur
640 3125 747 3210 euris,
770 3125 890 3194 mediis
912 3127 948 3193 in
969 3127 1130 3212 gentihus
1151 3126 1230 3194 exul

435 3253 536 3320 Errat
557 3253 671 3338 inope,
702 3251 861 3338 pavidus;
893 3271 1040 3340 namque
1068 3271 1264 3339 oppressere
1286 3252 1469 3321 dolentem.

434 3377 588 3462 Compita
610 3377 695 3447 flent
717 3379 881 3464 Solymis,
905 3379 1023 3465 templi
1045 3378 1212 3447 solemnia
1233 3379 1369 3464 quando

436 3505 537 3574 Nulla
559 3507 701 3586 vocant,
725 3505 904 3591 nullusque
926 3504 1059 3572 aceedit
1081 3504 1151 3574 iam
1173 3505 1296 3590 hospes
1317 3504 1360 3572 ad
1382 3521 1469 3572 aras.

348 3633 389 3699 30
435 3633 649 3700 Proouhuere
673 3631 779 3712 fores;
803 3629 896 3698 luctu
918 3631 1116 3716 gemituque
1138 3631 1295 3698 sacerdos

437 3757 552 3826 Vitam
573 3756 701 3842 agitas
725 3757 823 3842 virgo
846 3757 997 3842 nigranti
1020 3756 1153 3842 squalet
1175 3757 1319 3836 amiotu;

436 3884 568 3969 Captivi
590 3886 626 3952 et
649 3883 885 3968 poenitentes
906 3883 943 3949 in
965 3883 1079 3951 vincla
1102 3883 1294 3950 trahuntur.

378 4031 379 4035 ¹
437 4009 592 4086 Quantus
613 4027 749 4078 amaror
771 4010 861 4078 inest
882 4010 1056 4094 solymae,
1079 4029 1183 4095 quam
1198 4011 1345 4079 conterit
1367 4011 1472 4078 hostis

437 4135 568 4202 Divitiis
590 4153 764 4221 regnoque
787 4136 928 4221 potens!
953 4137 1027 4202 Heu
1049 4136 1163 4204 tristia
1185 4136 1276 4204 sacta

349 4263 393 4327 35
436 4259 609 4328 Praedixit
636 4279 748 4330 mores
769 4263 857 4328 Deus
879 4260 1077 4345 indignatus
1098 4261 1250 4347 iniquos!

438 4386 555 4454 Omnis
576 4389 619 4454 ab
641 4404 699 4454 ore
723 4385 802 4453 Sion
824 4385 999 4470 splendor,
1022 4384 1125 4454 decus
1146 4403 1248 4456 omne
1270 4390 1426 4471 recessit;

440 4511 531 4578 Ante
554 4513 668 4582 hostes
690 4511 802 4597 populi
826 4527 983 4596 proceres
1004 4510 1079 4578 sine
1101 4509 1228 4580 viribus
1250 4511 1346 4581 ibunt

1558 2537 1570 2564 '

1730 2607 1731 2628 l

1730 3295 1731 3330 l

1730 3331 1731 3356 l

1730 3381 1731 3410 l
