3472 5360
466 717 1096 848 PETREIDOS

547 1251 710 1362 ureae
738 1279 1023 1364 suorumve

691 1454 851 1464 -ιιιο--η-

653 2011 911 2083 tuuvuuurvu

129 2211 133 2222 .
222 2180 283 2228 Simo
297 2179 375 2236 iiam
391 2179 467 2226 multia
481 2178 608 2238 praeetigiis
623 2178 730 2226 Neronem
747 2177 832 2233 oiiicit,
849 2179 876 2223 ut
891 2177 978 2225 iaciiiua
994 2177 1084 2224 Petrum
1105 2189 1117 2223 o
1136 2175 1207 2223 metio
1223 2177 1294 2224 toiiat.
1311 2176 1346 2222 'ii-
1401 2193 1406 2214 ι

283 2261 377 2318 galiinae
391 2262 459 2318 atque
474 2258 549 2306 teum
573 2272 602 2306 ex
617 2257 718 2306 condicto
741 2259 914 2318 arperreuiuut,
938 2260 1006 2316 atque
1028 2259 1085 2304 mam
1102 2257 1195 2304 Neronia
1209 2258 1233 2303 in
1260 2258 1347 2303 Petrum

202 2373 205 2378 -
285 2343 309 2386 ct
319 2338 460 2387 Chriadooiae
474 2339 565 2386 acuunt
576 2338 635 2385 Nero
651 2341 736 2385 secreto
750 2339 795 2386 iilia
810 2340 882 2399 aperit
896 2338 1068 2384 animumsuum
1084 2337 1112 2384 de
1128 2337 1187 2384 Urbe
1196 2335 1346 2384 incendenda:

285 2421 308 2467 id
323 2419 381 2477 qood
395 2419 450 2478 ipaia
464 2419 563 2474 arridet;
580 2431 631 2465 nom
647 2419 677 2464 de
691 2431 717 2465 ca
732 2418 795 2466 ciade
811 2419 891 2466 Petrua
914 2421 938 2464 et
954 2418 1075 2465 Christiani
1091 2417 1157 2464 iociio
1172 2419 1270 2464 moereri
1286 2430 1350 2476 pocae

284 2499 393 2548 videnter.
407 2499 465 2546 Dum
479 2498 509 2546 ed
524 2500 613 2546 matrim
629 2498 717 2546 iccium
731 2511 778 2546 rem
793 2512 880 2546 omnem
895 2499 974 2558 paret,
992 2499 1111 2546 Chriadaui
1127 2498 1247 2545 beoctmtia
1262 2509 1349 2557 opemm

285 2581 375 2626 meone
391 2579 478 2626 Interea
493 2578 551 2626 Urbe
566 2577 705 2635 incenditur,
722 2581 814 2637 utquee
830 2591 854 2625 ee
869 2579 928 2625 Nero
943 2579 1095 2626 immanissimi
1106 2577 1230 2624 huiumedi
1245 2577 1349 2624 facinoris

283 2659 357 2706 odium
372 2660 474 2715 acutat.
498 2658 635 2707 (ihriatiome
658 2660 759 2707 auctores
775 2659 844 2706 irriaee
859 2660 989 2706 insimulat:
1015 2659 1067 2706 inde
1084 2659 1181 2706 maxima
1197 2658 1283 2706 iliorum
1299 2670 1348 2704 cae-

286 2741 325 2788 dea
346 2743 396 2788 tum
417 2739 501 2787 Romae
523 2741 571 2786 tom
594 2739 648 2786 alibi
672 2740 705 2787 fla
737 2740 831 2796 Patrue,
854 2741 908 2788 iicet
930 2741 1029 2797 mattae,
1053 2739 1156 2796 eruum
1180 2739 1231 2796 aed,
1259 2739 1348 2786 Christo

286 2821 328 2868 eibi
342 2821 470 2868 ooconeote
485 2819 510 2866 in
526 2821 577 2877 ria,
601 2820 659 2866 redit
679 2821 754 2866 carim
775 2821 838 2867 mori.
855 2820 925 2868 Satan
941 2821 1025 2868 Simoni
1040 2821 1117 2878 msam
1140 2821 1200 2867 Petri
1225 2819 1346 2878 patefacit,

287 2911 379 2957 eumque
393 2899 493 2954 uem,
516 2901 562 2954 ut,
584 2898 698 2956 ademtis,
714 2898 784 2964 aociie·
796 2898 904 2954 iieeiiine
926 2900 995 2957 atque
1014 2899 1091 2956 Aelio,
1114 2897 1195 2945 Neroni
1218 2897 1350 2956 persuadeat

286 2978 789 3038 «emmerammum.
812 2979 991 3037 Eeipnuoate
1012 2978 1239 3038 edormiunt,
1257 2978 1349 3024 Romam

287 3060 348 3106 venit
363 3059 391 3106 ed
406 3059 496 3106 domum
507 3059 614 3106 Pudentis
629 3059 748 3115 Cornelius,
764 3059 863 3105 mutrrrio
878 3058 974 3106 cohortis
985 3059 1085 3116 Italicae,
1100 3061 1138 3116 qui
1154 3059 1246 3104 miratam
1261 3058 1351 3104 Petrum

285 3139 410 3197 cuimine,
425 3141 516 3199 eiueqm
530 3141 647 3198 praeclara
662 3139 722 3186 fecto
737 3139 761 3186 iu
777 3139 868 3186 Oriente
882 3142 979 3188 coenat.
994 3140 1082 3187 Interea
1096 3139 1155 3187 Naro
1169 3138 1234 3185 tirriie
1249 3139 1350 3195 agitatur

285 3221 308 3268 io
323 3233 364 3266 eoa
379 3233 446 3268 aurea
461 3219 539 3274 domo,
555 3221 579 3267 et
594 3219 663 3266 Poeta
677 3219 698 3265 ei
713 3221 817 3276 mortem,
834 3232 900 3278 quam
916 3220 957 3268 eibi
974 3221 1021 3280 ipae
1037 3232 1088 3268 mox
1103 3219 1197 3275 inferet,
1217 3219 1331 3278 praedicit.

380 3532 514 3601 Lucifer
535 3531 670 3603 interea
693 3533 829 3602 dimotis
850 3550 915 3602 axe
940 3532 1090 3602 tenebris

293 3659 464 3742 comeret,
487 3661 524 3727 et
546 3677 689 3746 surgens
711 3678 835 3728 aurora
856 3659 1043 3745 reliquerat
1065 3675 1191 3744 aequor

292 3784 473 3870 Primaque
495 3803 664 3872 purpureo
686 3785 871 3872 spargebat
892 3784 1022 3852 lumine
1044 3786 1163 3852 terrae.

290 3910 377 3976 Ecce
397 3909 568 3994 palatinas
590 3911 692 3979 aedes
713 3911 894 3997 aulamque
918 3908 1064 3978 Neronis

226 4035 248 4099 5
291 4033 382 4100 Simo
402 4033 506 4120 petit,
528 4033 695 4121 siquidem
716 4034 790 4122 regi
813 4033 863 4101 nil
884 4033 996 4102 cerias
1018 4032 1095 4113 illo,

292 4157 353 4226 uui
373 4159 494 4227 statuit
514 4158 694 4228 simulacre
715 4161 753 4227 et
773 4159 846 4227 dios
866 4158 962 4227 addit
984 4158 1147 4226 honores:

294 4282 503 4370 Miraturque
524 4284 617 4370 magi
640 4283 725 4352 ritus
746 4282 984 4370 horrendaque
1006 4300 1119 4350 rerum

296 4409 470 4496 Prodigia,
492 4412 596 4496 atque
619 4410 738 4479 eadem
760 4412 895 4497 optaret
917 4429 954 4478 se
975 4408 1118 4496 prodere
1140 4407 1248 4492 signa.

294 4534 467 4604 rotantem
490 4536 608 4604 tabula
629 4553 792 4606 excusum
814 4535 986 4604 coniector
1007 4533 1174 4615 habebat,
