3564 5376
817 518 1054 570 nnuinnslbos

442 647 491 711 Tu
513 663 590 730 spes
612 663 698 727 una,
722 646 831 725 Deus3
853 645 963 730 pietas
985 647 1045 712 tua
1067 644 1213 730 plurima
1235 641 1361 708 laetam

442 769 507 836 Dat
528 753 699 852 mentem,
722 770 817 838 videt
836 787 1018 838 aerumnas
1038 770 1220 855 servatque
1244 764 1386 852 periclis

440 896 599 964 Hostibus
620 897 765 964 evadam
787 896 927 981 mediis,
950 912 1135 982 securaque
1158 892 1306 980 plantis,

441 1023 488 1089 Te
510 1021 616 1104 duce,
640 1023 815 1090 sternetur
837 1040 898 1108 per
919 1025 1057 1108 apertos
1077 1020 1201 1089 semita
1221 1033 1368 1103 campos

331 1148 397 1215 330
441 1146 516 1214 Ah!
541 1145 647 1215 nostri
672 1148 854 1231 miserere,
878 1149 986 1230 Deus;
1009 1149 1072 1216 sub
1093 1147 1231 1233 pectore
1255 1143 1377 1211 vulnus

311 1321 318 1343 .
441 1273 551 1376 Triste
573 1276 711 1356 manet,
735 1276 934 1360 terrentque
955 1291 1080 1360 graves
1102 1271 1300 1360 praecordia
1322 1285 1423 1335 curae
1435 1283 1445 1348 ;

441 1400 628 1468 Fundimur
649 1400 687 1468 in
709 1399 887 1484 lacrimas,
911 1403 948 1468 et
969 1397 1080 1468 flendo
1102 1399 1254 1467 ducimus
1275 1413 1404 1477 annos;

442 1525 577 1610 Aegrae
599 1526 716 1594 animo
738 1525 836 1594 vires
850 1525 928 1592 imis
950 1527 987 1594 et
1009 1543 1121 1610 poena
1143 1521 1306 1592 medullis

441 1653 580 1720 irrisere
603 1651 717 1736 hostes
739 1652 899 1733 miseros,
924 1651 1042 1738 lugere
1066 1649 1267 1738 propinqui:

329 1779 396 1844 335
440 1777 560 1846 Fictile
580 1777 629 1846 sic
652 1795 785 1846 cassum
806 1779 974 1863 spernunt
1004 1776 1211 1862 horrentque
1233 1773 1388 1842 cadaver.

439 1903 502 1978 Qui
526 1919 581 1970 me
603 1902 848 1986 circumstant,
872 1901 1006 1968 iactant
1027 1899 1203 1982 convicia,
1227 1899 1401 1983 vitamque

440 2028 572 2096 Insidiis
593 2031 740 2115 urgent;
764 2031 802 2097 at
823 2031 862 2096 tu
884 2045 962 2115 spes
984 2045 1056 2095 una
1077 2026 1216 2110 salutis,

441 2157 566 2242 Magne
590 2157 697 2240 Deus,
721 2156 831 2224 totum
854 2155 914 2223 tibi
938 2173 992 2224 me
1016 2153 1228 2222 committere
1253 2150 1305 2220 sas
1326 2151 1387 2219 est

440 2281 599 2348 Hostibus
622 2279 767 2367 eripies,
790 2281 827 2348 et
848 2279 907 2348 lux
929 2281 989 2347 tua
1010 2278 1105 2348 clara
1127 2275 1276 2345 micabit

329 2405 396 2472 340
442 2406 517 2486 Me,
541 2406 649 2486 Deus,
671 2403 764 2472 haud
787 2421 937 2492 unquam
960 2389 996 2471 in
1019 2407 1055 2473 te
1077 2401 1252 2471 confidisse
1277 2398 1423 2486 pudebit.

442 2529 589 2596 Iniustos
609 2528 757 2614 pudeat,
782 2529 1000 2616 tenebrisque
1022 2527 1184 2596 obvolvat
1203 2541 1372 2606 avernus;

441 2654 504 2732 Qui
528 2654 653 2722 iustum
675 2657 843 2740 spernunt
864 2657 1127 2740 obtrectantque
1150 2670 1208 2721 ore
1231 2653 1396 2737 superbo,

441 2781 643 2849 Mutcscant
675 2781 812 2856 Quanta
833 2779 979 2848 oriundis
1000 2777 1177 2848 dulcedine
1200 2779 1334 2845 mentes

439 2904 532 2980 Quae
556 2906 591 2973 te
615 2903 680 2972 rite
703 2904 841 2973 colunt:
863 2923 952 2991 quae
974 2905 1044 2974 sint
1065 2907 1127 2972 tua
1149 2919 1311 2984 munera,
1335 2899 1449 2966 cuncti

330 3031 395 3096 :345
439 3032 649 3116 Prospexere
673 3030 847 3099 homines:
871 3029 946 3099 illos
970 3029 1201 3116 penetralibus
1221 3027 1315 3096 aedis

439 3155 596 3240 Protegis
617 3154 688 3240 ipse
711 3157 813 3241 tuae,
837 3173 881 3224 ne
903 3173 1008 3224 saeva
1028 3155 1180 3242 pericula
1202 3154 1350 3220 turbent.

440 3281 529 3348 Laus
552 3253 633 3365 tibi,
657 3298 783 3366 magne
806 3284 930 3350 Pater:
954 3281 1050 3348 vultu
1072 3281 1100 3349 si
1123 3277 1289 3365 conspicis
1310 3293 1439 3362 aequo,

438 3405 614 3488 Servabor,
639 3406 718 3474 lorti
740 3408 847 3475 veluti
872 3407 1023 3474 munitus
1044 3408 1088 3474 ab
1111 3423 1211 3486 arce,

368 3561 373 3566 ·
440 3532 720 3618 Quandoquidem
743 3551 822 3601 mea
844 3537 927 3602 vota
948 3531 1079 3616 libens,
1102 3535 1211 3615 Deus,
1233 3528 1361 3614 excipis
1382 3545 1474 3595 aure.

329 3659 395 3725 350
441 3657 597 3742 Diligite,
621 3679 641 3727 o
664 3655 804 3743 omues,
829 3660 1030 3745 Dominum;
1055 3663 1144 3730 bona
1167 3661 1292 3727 cuncta
1314 3655 1480 3741 rependet

439 3784 573 3852 Sanctis
593 3787 665 3872 ipse
688 3785 790 3871 viris,
814 3789 850 3854 et
871 3785 1000 3872 plectet
1022 3786 1095 3854 iure
1118 3784 1299 3872 superbos:

441 3910 542 3977 Macti
565 3909 691 3978 animis
712 3913 846 3996 estote,
870 3913 938 3980 Deo
961 3911 1141 3992 confidite,
1166 3929 1231 3979 nec
1253 3927 1330 3996 spes

441 4036 509 4103 Vos
532 4034 647 4118 fallet,
672 4038 772 4104 rebus
794 4055 854 4104 vos
877 4041 914 4105 et
935 4043 1071 4105 servate
1093 4035 1259 4104 secundia.

527 4161 580 4230 Sic
604 4162 715 4248 proles
737 4164 895 4248 captiva:
920 4181 1030 4231 novus
1052 4181 1114 4249 per
1136 4165 1275 4248 pectora
1297 4161 1428 4229 cunctis

300 4358 306 4367 ,
328 4287 394 4355 355
438 4290 523 4356 Tum
546 4305 652 4374 pavor
674 4288 847 4370 insinuat3
871 4287 954 4356 iacti
976 4307 1065 4374 quae
1088 4307 1192 4356 causa
1213 4287 1401 4373 requirnnt

439 4411 698 4495 Bethoronites,
721 4413 857 4482 mordet
878 4431 980 4500 quem
1003 4432 1088 4481 cura
1110 4431 1268 4495 suorum,

438 4539 647 4608 Praesidium
671 4539 774 4609 Iudae
799 4541 965 4628 rebusque
989 4542 1148 4610 levamen
1172 4541 1207 4607 in
1230 4540 1355 4622 arcte,
