3560 5368
680 556 790 606 arana
814 555 947 605 rnruvs
1357 537 1424 614 235

315 684 557 770 Omnipotens,
581 701 658 752 mea
681 686 781 766 vota,
805 686 910 766 Deus,
936 685 1023 752 Deus
1044 681 1167 767 excipe
1191 681 1309 757 Iacob,

316 809 441 896 Excipe
463 812 501 878 et
522 828 583 879 ora
606 810 677 894 tui,
699 827 863 896 praesens
885 810 992 891 Deus,
1017 808 1135 894 excipe
1160 805 1307 874 Christi:
1365 813 1368 818 ·

316 934 499 1021 Plusquam
523 934 613 1004 mille
636 934 708 1004 dies
729 937 844 1004 tecum
868 934 951 1001 mihi
974 933 1085 1001 carior
1107 949 1178 1000 una
1200 933 1262 999 est.

318 1063 359 1128 nt
382 1061 491 1147 magis
511 1061 667 1131 abiectae
689 1080 789 1130 sacra
809 1062 905 1130 lubet
920 1059 1005 1129 aede
1028 1058 1176 1141 morari,

210 1188 273 1252 105
318 1186 427 1262 Quam
449 1185 536 1255 dites
568 1186 723 1256 habitare
746 1189 863 1255 domos
892 1185 1056 1271 aulasque
1078 1185 1288 1252 nocentum:

272 1331 274 1334 ·
320 1309 406 1376 Nam
429 1311 517 1378 Deus
538 1312 591 1378 est
612 1311 706 1392 veri,
730 1312 818 1378 Deus
837 1311 893 1378 est
914 1307 1053 1395 pietatis
1075 1308 1209 1376 amator
1220 1345 1238 1387 ,-

317 1431 420 1500 Nobis
441 1450 543 1502 omne
566 1432 712 1518 bonum,
726 1435 833 1516 tanto
855 1432 913 1519 qui
937 1431 1078 1499 numine
1101 1429 1201 1513 freti,

320 1556 363 1623 nt
384 1575 466 1642 pace
490 1557 527 1624 in
550 1558 650 1625 terris
671 1559 708 1625 et
729 1559 899 1643 potiemur
920 1573 1064 1624 munere
1088 1553 1185 1623 caeli.
1257 1548 1259 1554 ’

319 1679 453 1748 Talibus
474 1684 634 1750 orantem
657 1681 756 1750 dictis
778 1681 996 1766 gemitusque
1019 1679 1168 1749 cientem

210 1809 272 1872 110
316 1807 371 1876 Sol
394 1808 507 1893 videt,
538 1827 728 1896 aequoreas
749 1809 805 1877 vel
828 1827 865 1877 se
887 1807 1033 1878 reclinet
1055 1809 1089 1875 in
1115 1805 1225 1873 undas

198 1945 201 1950 ’
319 1934 383 2002 Vel
405 1936 509 2020 caput
530 1935 700 2003 extollens
721 1934 898 2003 collustret
920 1933 1078 2019 lampade
1101 1930 1273 1998 mundum.

407 2062 585 2146 Quumque
605 2061 686 2144 dies,
710 2060 876 2148 templum
892 2078 960 2147 qua
974 2058 1081 2144 Virgo
1097 2058 1261 2141 ingressa,
1286 2055 1423 2134 rediret,

319 2185 419 2253 *lima
441 2187 530 2271 dies,
566 2203 669 2273 qnam
691 2186 764 2256 iure
786 2185 887 2254 simul
909 2185 1082 2254 celebrare
1105 2181 1227 2268 puellis

320 2313 392 2378 Mos
413 2313 506 2395 erat3
541 2310 663 2379 oblitas
687 2309 799 2399 (fluxa
821 2329 905 2379 narn
928 2312 1044 2380 mente
1066 2305 1246 2392 iuventus)

215 2438 277 2503 llb
322 2439 454 2506 Debere
472 2436 522 2505 sic
543 2437 637 2506 acuit
657 2437 756 2505 dictis
777 2437 884 2506 affata
906 2453 1059 2504 sorores:

319 2563 372 2628 Ab
394 2579 564 2648 quaenam
587 2562 701 2630 tenuit
724 2564 856 2630 vestras
878 2561 1002 2631 oblivio
1024 2559 1180 2628 mentes!

320 2685 441 2752 Nonne
463 2685 535 2753 dics
557 2686 663 2754 istaec
685 2684 794 2767 luxit,
820 2703 889 2771 qua
912 2669 1095 2752 Pa'rthenis
1115 2683 1226 2763 alma,

321 2809 387 2876 Uni
409 2809 523 2878 oblata
545 2811 631 2890 Deo,
656 2811 772 2878 nostro
795 2827 913 2877 comes
935 2808 1054 2876 addita
1075 2810 1176 2874 coetu
1198 2807 1274 2874 estl

321 2933 375 3000 Sic
398 2935 532 3018 vestro,
565 2934 613 3001 sic
638 2933 697 3001 illa
720 2933 792 3002 dies
815 2917 1000 3020 e'pectore
1023 2927 1155 3014 duxit,'

215 3057 276 3122 120
320 3057 394 3133 Qua
416 3057 563 3142 primurn
585 3057 647 3124 hos
669 3057 824 3141 ingressa
848 3055 912 3123 luit
935 3057 1025 3124 bona
1047 3055 1153 3144 Virgo
1188 3070 1360 3131 recessus,

321 3181 430 3267 Digna
451 3181 524 3250 dies
546 3183 737 3249 memoratu
759 3185 795 3249 et
819 3198 907 3266 quae
932 3180 1025 3248 nullo
1049 3179 1185 3247 excidet
1208 3177 1319 3245 aevo?

322 3310 418 3392 Ipsa,
443 3307 575 3375 fatebor
598 3307 712 3389 enim,
742 3308 875 3376 secreto
899 3308 999 3392 parta
1020 3305 1138 3372 labore
1194 3295 1198 3302 '

320 3432 450 3500 Tenuis
472 3432 562 3500 dona
585 3431 714 3515 leram,
739 3451 873 3500 meeum
897 3450 985 3518 qnae
1009 3429 1147 3499 condita
1167 3445 1275 3498 servo.

322 3559 412 3625 llnle
433 3557 548 3624 oculos
568 3559 640 3625 8131
661 3557 775 3639 enim,
803 3575 907 3643 quum
929 3557 1050 3625 sancta
1072 3554 1229 3623 Puellula
1251 3552 1360 3620 scalas

215 3683 277 3748 125
320 3681 484 3748 Ascendit
506 3681 624 3768 templi
647 3682 750 3750 celeri
774 3680 882 3768 pede:
907 3681 972 3749 rite
995 3682 1158 3766 parentes

321 3807 407 3874 Hinc
428 3807 551 3890 Anna,
574 3807 655 3875 hinc
678 3807 827 3877 Ioacbim
849 3807 999 3876 lacrimis
1022 3807 1230 3874 comitantur
1251 3802 1400 3872 obortis:

318 3934 396 4018 Ipsa
416 3931 557 4015 alacris,
591 3950 655 4000 ceu
678 3951 780 4002 mane
803 3931 880 4018 polo
903 3949 992 4018 quae
1015 3930 1116 3999 stella
1138 3927 1308 4013 rellrlget,

317 4057 501 4144 Indignata
523 4058 639 4127 domos
660 4059 836 4129 hominum
858 4075 956 4127 sacra
978 4057 1099 4125 limina
1120 4056 1262 4126 scandit.

320 4181 489 4251 Plurimus
510 4184 657 4252 occurrit
679 4184 890 4270 solymorum
913 4200 956 4251 ex
978 4181 1063 4251 aede
1085 4182 1262 4262 sacerdos;

217 4309 278 4376 130
320 4309 407 4377 Huic
428 4308 533 4396 longa
554 4311 598 4378 ed
620 4309 707 4378 talos
728 4310 833 4379 vestis
853 4310 1001 4378 candore
1033 4307 1156 4388 nivali,

322 4431 440 4498 Fascia
462 4449 631 4517 purpurea
649 4435 686 4501 el
707 4432 838 4500 lumbos
860 4429 1086 4516 hyacinthina
1107 4428 1269 4512 stringit,

319 4539 423 4620 'blitra
445 4561 550 4654 caput
571 4557 666 4624 tenui
690 4556 783 4623 velet
811 4553 1031 4622 mundissima
1053 4553 1145 4620 lino:
