3564 5376
336 493 375 556 10
805 503 1066 553 uronlnnnrnos

441 635 587 718 Usquam
609 650 680 700 non
703 632 840 715 audita,
865 633 1006 698 manent
1028 634 1064 696 et
1085 628 1231 715 grandia
1254 626 1366 708 lacta3

351 761 395 824 75
439 759 548 826 Antra
569 761 687 845 pelas,
710 760 824 826 tecum
846 757 936 826 votis
957 755 1163 825 solemnibus
1185 754 1291 820 instet

439 885 524 951 Urbs
545 886 639 966 tote,
663 885 823 952 exoratus
845 884 938 951 enim
961 885 1049 952 Deus
1071 881 1187 950 omnia
1209 879 1346 966 pandat.

438 1009 491 1078 Sic
514 1009 604 1078 satus
626 1011 728 1078 rutila
750 1011 930 1078 confestim
952 1011 989 1077 in
1011 1009 1101 1076 nube
1125 1007 1273 1076 recessit.

527 1136 577 1203 lin
600 1137 668 1204 cito
692 1139 843 1222 pastores
865 1136 1033 1218 subeunt,
1057 1135 1115 1221 qui
1139 1133 1225 1200 mira
1247 1131 1409 1199 retexunt
1487 1179 1491 1190 .

439 1260 590 1345 Gargani
612 1262 757 1344 montis;
781 1261 872 1330 facili
894 1260 1099 1329 Laurentius
1120 1275 1179 1327 ore

351 1386 394 1450 80
439 1385 561 1470 Audit,
585 1385 693 1454 multa
715 1404 857 1456 movens
879 1386 1014 1470 animo,
1038 1385 1118 1453 dein
1141 1381 1272 1451 lumina
1293 1379 1388 1449 caelo

440 1507 575 1578 Attollit
597 1511 812 1598 palmasque,
835 1530 878 1578 ac
900 1511 1041 1579 tandem
1063 1508 1188 1578 talibus
1210 1505 1312 1576 infit:

438 1635 465 1700 0
488 1633 677 1720 Sipontini,
701 1636 811 1722 patrio
833 1653 918 1722 quos
940 1635 1097 1721 prosequi
1119 1651 1237 1703 amore

438 1759 503 1826 Dat
524 1759 607 1826 mihi
631 1759 772 1846 religio,
795 1759 882 1829 haec
903 1759 1027 1828 animis
1050 1775 1128 1827 rnea
1149 1757 1244 1842 figite
1266 1755 1367 1823 dicta.

439 1887 514 1953 Non
539 1886 667 1954 homini
690 1904 795 1974 usque
818 1888 936 1954 datum
958 1905 1117 1972 superum
1140 1887 1323 1972 penetrare
1347 1895 1515 1956 recessus,

350 2012 394 2076 85
439 2013 548 2098 Atque
571 2031 700 2081 arcana
721 2014 781 2081 Ilei
804 2014 948 2082 scrutari
971 2015 1008 2082 at
1030 2030 1171 2084 noscere
1195 2011 1296 2080 tacta

366 2181 369 2188 -
440 2139 526 2205 Nam
548 2139 654 2206 Pater
673 2138 888 2224 omnipotens
910 2139 1108 2207 mortalibus
1129 2137 1246 2206 abdita
1266 2152 1369 2221 saepe

438 2261 585 2330 Consilia
606 2261 756 2347 indignis
777 2266 922 2331 aeterna
943 2265 1060 2332 mente
1082 2263 1237 2330 recondit
1248 2279 1258 2344 ;

440 2389 602 2455 Attamen
624 2388 688 2456 ah!
713 2389 849 2456 timidas
870 2389 986 2458 animo
1009 2389 1169 2475 depellite
1193 2403 1312 2466 curas;
1360 2391 1363 2396 '

440 2511 494 2580 Nil
517 2513 786 2598 desperandum:
810 2514 905 2582 caelo
928 2517 1090 2601 terraque
1112 2513 1266 2600 marique

352 2639 395 2703 90
440 2638 586 2706 Provida
609 2657 706 2708 mens
727 2641 838 2724 agitat
861 2659 977 2723 cesus,
1000 2659 1041 2709 ac
1063 2639 1179 2708 omnia
1201 2637 1326 2705 versat.

440 2764 590 2832 Primum
612 2764 757 2836 humiles
779 2765 929 2852 tectique
963 2767 1098 2854 ingenti
1121 2764 1224 2834 corda
1245 2763 1360 2830 dolore

440 2888 574 2958 Abluite
598 2908 618 2957 o
641 2909 721 2974 vos,
745 2892 847 2977 atque
870 2892 995 2958 animis
1016 2890 1204 2976 abstergite
1225 2888 1339 2966 labes,

440 3014 482 3080 nt
505 3014 620 3083 cinere
642 3016 770 3100 aspersi
793 3017 925 3102 crines,
949 3019 986 3084 ct
1008 3016 1157 3086 vestibus
1179 3031 1297 3082 omnes

440 3137 551 3206 induti
575 3141 731 3224 moestis,
754 3142 843 3210 votis
864 3143 991 3210 instate
1015 3142 1211 3229 frequentes

350 3261 394 3328 95
438 3262 532 3330 Soles
553 3281 616 3350 per
637 3267 774 3348 ternos,
798 3267 925 3335 ieiunia
950 3267 1083 3353 iungite
1106 3267 1204 3336 votis.

441 3387 599 3474 Auguror
621 3407 666 3457 ex
687 3391 823 3475 animo,
846 3409 911 3462 nec
932 3411 1009 3479 spes
1031 3411 1086 3462 me
1110 3392 1198 3460 fallit
1220 3390 1353 3470 inanis,

440 3510 533 3586 Quod
557 3511 644 3580 Deus
666 3530 686 3580 e
708 3514 803 3582 caelo
825 3514 961 3599 faveat,
985 3516 1073 3602 quod
1095 3533 1257 3603 prospera
1279 3512 1439 3582 monstris

440 3634 630 3703 succedant
652 3638 778 3722 tantis,
802 3640 904 3708 cadat
926 3642 963 3709 et
985 3639 1130 3710 feliciter
1151 3657 1263 3708 omen.

440 3759 498 3827 His
520 3762 655 3845 praesul
678 3761 777 3832 dictis
799 3765 1007 3851 trepidantia
1028 3769 1167 3853 pectora
1189 3765 1338 3848 mulcet,

334 3885 395 3949 100
439 3884 532 3952 lilius
552 3887 724 3974 extemplo
746 3890 803 3975 pia
825 3890 920 3976 plebs
942 3893 1015 3959 tum
1038 3891 1128 3961 iussa
1149 3891 1303 3978 capessit

527 4011 572 4078 At
594 4011 653 4079 vix
675 4018 797 4100 quarta
820 4015 892 4084 dies
914 4014 1029 4101 tidsit,
1052 4016 1259 4085 Laurentius
1281 4019 1419 4085 antrum

440 4134 556 4204 Visere
578 4138 751 4223 Gargani,
773 4141 877 4226 atque
900 4141 1037 4227 ignotas
1058 4160 1223 4228 quaerere
1247 4158 1368 4210 causas

440 4261 588 4346 Prodigii
609 4265 750 4350 cupidus
773 4264 895 4336 devoto
918 4271 1056 4353 pectore
1080 4268 1195 4335 volvit.

441 4388 577 4454 Interea
598 4389 743 4457 reboant
765 4393 877 4459 turres
898 4411 993 4460 sacro
1017 4410 1097 4460 aere
1120 4396 1299 4476 sonantes,

333 4511 395 4576 105
440 4511 610 4598 Effusique
632 4517 737 4582 ruunt
758 4534 878 4584 omnes
899 4534 961 4602 per
982 4517 1151 4603 compita,
1175 4518 1348 4604 complent
