<?xml version="1.0" encoding="UTF-8"?>
<!DOCTYPE html PUBLIC "-//W3C//DTD XHTML 1.0 Transitional//EN"
    "http://www.w3.org/TR/xhtml1/DTD/xhtml1-transitional.dtd">
<html xmlns="http://www.w3.org/1999/xhtml" xml:lang="en" lang="en">
 <head>
  <title>
</title>
<meta http-equiv="Content-Type" content="text/html;charset=utf-8" />
  <meta name='ocr-system' content='tesseract 3.04.00' />
  <meta name='ocr-capabilities' content='ocr_page ocr_carea ocr_par ocr_line ocrx_word'/>
</head>
<body>
  <div class='ocr_page' id='page_1' title='image "./carmina00morigoog_0206.png"; bbox 0 0 3472 5360; ppageno 0'>
   <div class='ocr_carea' id='block_1_1' title="bbox 633 519 944 569">
    <p class='ocr_par' dir='ltr' id='par_1_1' title="bbox 633 519 944 569">
     <span class='ocr_line' id='line_1_1' title="bbox 633 519 944 569; baseline -0.003 -2"><span class='ocrx_word' id='word_1_1' title='bbox 633 519 744 568; x_wconf 77' lang='lat' dir='ltr'>LIBER</span> <span class='ocrx_word' id='word_1_2' title='bbox 766 519 944 569; x_wconf 75' lang='lat' dir='ltr'>SECVNDVS</span> 
     </span>
    </p>
   </div>
   <div class='ocr_carea' id='block_1_2' title="bbox 185 646 1379 4606">
    <p class='ocr_par' dir='ltr' id='par_1_2' title="bbox 293 646 1071 732">
     <span class='ocr_line' id='line_1_2' title="bbox 293 646 1071 732; baseline 0.003 -20"><span class='ocrx_word' id='word_1_3' title='bbox 293 646 431 713; x_wconf 82' lang='lat' dir='ltr'><strong>Laxatis</strong></span> <span class='ocrx_word' id='word_1_4' title='bbox 454 646 580 714; x_wconf 86' lang='lat' dir='ltr'><strong>loribus</strong></span> <span class='ocrx_word' id='word_1_5' title='bbox 601 665 670 714; x_wconf 83' lang='lat' dir='ltr'><strong>vox</strong></span> <span class='ocrx_word' id='word_1_6' title='bbox 692 647 867 732; x_wconf 88' lang='lat' dir='ltr'><strong>appellare</strong></span> <span class='ocrx_word' id='word_1_7' title='bbox 890 648 1071 716; x_wconf 83' lang='lat' dir='ltr'><strong>Neronem.</strong></span> 
     </span>
    </p>

    <p class='ocr_par' dir='ltr' id='par_1_3' title="bbox 185 769 1214 1111">
     <span class='ocr_line' id='line_1_3' title="bbox 185 769 1161 858; baseline 0.006 -26"><span class='ocrx_word' id='word_1_8' title='bbox 185 769 249 834; x_wconf 90' lang='grc'><strong>335</strong></span> <span class='ocrx_word' id='word_1_9' title='bbox 293 771 353 838; x_wconf 89' lang='lat' dir='ltr'><strong>His</strong></span> <span class='ocrx_word' id='word_1_10' title='bbox 374 776 595 858; x_wconf 82' lang='lat' dir='ltr'><strong>experrectus</strong></span> <span class='ocrx_word' id='word_1_11' title='bbox 617 773 768 840; x_wconf 82' lang='lat' dir='ltr'>thalamo</span> <span class='ocrx_word' id='word_1_12' title='bbox 792 773 860 840; x_wconf 90' lang='lat' dir='ltr'><strong>cito</strong></span> <span class='ocrx_word' id='word_1_13' title='bbox 882 774 1014 858; x_wconf 87' lang='lat' dir='ltr'><strong>prosilit</strong></span> <span class='ocrx_word' id='word_1_14' title='bbox 1036 791 1161 842; x_wconf 88' lang='lat' dir='ltr'><strong>aureo:</strong></span> 
     </span>
     <span class='ocr_line' id='line_1_4' title="bbox 293 885 1214 978; baseline 0.004 -17"><span class='ocrx_word' id='word_1_15' title='bbox 293 885 399 965; x_wconf 82' lang='lat' dir='ltr'><strong>Miltia</strong></span> <span class='ocrx_word' id='word_1_16' title='bbox 423 902 650 967; x_wconf 85' lang='lat' dir='ltr'><strong>monstrorum</strong></span> <span class='ocrx_word' id='word_1_17' title='bbox 672 899 732 966; x_wconf 90' lang='lat' dir='ltr'><strong>sed</strong></span> <span class='ocrx_word' id='word_1_18' title='bbox 754 916 847 966; x_wconf 92' lang='lat' dir='ltr'><strong>nunc</strong></span> <span class='ocrx_word' id='word_1_19' title='bbox 868 898 932 966; x_wconf 91' lang='lat' dir='ltr'><strong>sibi</strong></span> <span class='ocrx_word' id='word_1_20' title='bbox 954 909 1097 966; x_wconf 85' lang='lat' dir='ltr'><strong>cornere</strong></span> <span class='ocrx_word' id='word_1_21' title='bbox 1119 897 1214 978; x_wconf 87' lang='lat' dir='ltr'><strong>visa,</strong></span> 
     </span>
     <span class='ocr_line' id='line_1_5' title="bbox 297 1018 1134 1111; baseline 0.002 -23"><span class='ocrx_word' id='word_1_22' title='bbox 297 1021 451 1109; x_wconf 86' lang='lat' dir='ltr'><strong>Undique</strong></span> <span class='ocrx_word' id='word_1_23' title='bbox 475 1024 643 1093; x_wconf 84' lang='lat' dir='ltr'><strong>terribiles</strong></span> <span class='ocrx_word' id='word_1_24' title='bbox 665 1018 795 1094; x_wconf 84' lang='lat' dir='ltr'><strong>formas</strong></span> <span class='ocrx_word' id='word_1_25' title='bbox 818 1025 974 1111; x_wconf 85' lang='lat' dir='ltr'><strong>rictuque</strong></span> <span class='ocrx_word' id='word_1_26' title='bbox 997 1023 1134 1092; x_wconf 90' lang='lat' dir='ltr'><strong>minaci.</strong></span> 
     </span>
    </p>

    <p class='ocr_par' dir='ltr' id='par_1_4' title="bbox 294 1149 1178 1361">
     <span class='ocr_line' id='line_1_6' title="bbox 295 1149 1178 1235; baseline 0.003 -22"><span class='ocrx_word' id='word_1_27' title='bbox 295 1149 355 1214; x_wconf 89' lang='lat' dir='ltr'><strong>Hic</strong></span> <span class='ocrx_word' id='word_1_28' title='bbox 379 1149 495 1216; x_wconf 90' lang='lat' dir='ltr'><strong>rabido</strong></span> <span class='ocrx_word' id='word_1_29' title='bbox 518 1149 633 1217; x_wconf 88' lang='lat' dir='ltr'><strong>fremit</strong></span> <span class='ocrx_word' id='word_1_30' title='bbox 654 1167 714 1219; x_wconf 92' lang='lat' dir='ltr'><strong>ore</strong></span> <span class='ocrx_word' id='word_1_31' title='bbox 735 1149 808 1234; x_wconf 93' lang='lat' dir='ltr'><strong>leo,</strong></span> <span class='ocrx_word' id='word_1_32' title='bbox 830 1149 1038 1235; x_wconf 82' lang='lat' dir='ltr'><strong>spirantibus</strong></span> <span class='ocrx_word' id='word_1_33' title='bbox 1060 1149 1178 1235; x_wconf 88' lang='lat' dir='ltr'><strong>ignem</strong></span> 
     </span>
     <span class='ocr_line' id='line_1_7' title="bbox 294 1273 1128 1361; baseline 0.001 -22"><span class='ocrx_word' id='word_1_34' title='bbox 294 1273 368 1341; x_wconf 88' lang='lat' dir='ltr'><strong>illic</strong></span> <span class='ocrx_word' id='word_1_35' title='bbox 389 1273 573 1343; x_wconf 90' lang='lat' dir='ltr'><strong>luminibus</strong></span> <span class='ocrx_word' id='word_1_36' title='bbox 594 1293 735 1360; x_wconf 88' lang='lat' dir='ltr'><strong>serpens</strong></span> <span class='ocrx_word' id='word_1_37' title='bbox 757 1275 950 1361; x_wconf 84' lang='lat' dir='ltr'><strong>linguisque</strong></span> <span class='ocrx_word' id='word_1_38' title='bbox 973 1273 1128 1342; x_wconf 85' lang='lat' dir='ltr'><strong>trisulcis.</strong></span> 
     </span>
    </p>

    <p class='ocr_par' dir='ltr' id='par_1_5' title="bbox 186 1397 1206 1982">
     <span class='ocr_line' id='line_1_8' title="bbox 186 1397 1120 1486; baseline 0.004 -24"><span class='ocrx_word' id='word_1_39' title='bbox 186 1397 251 1462; x_wconf 82' lang='grc' dir='ltr'><strong>Ι360</strong></span> <span class='ocrx_word' id='word_1_40' title='bbox 296 1400 378 1466; x_wconf 89' lang='lat' dir='ltr'><strong>Post</strong></span> <span class='ocrx_word' id='word_1_41' title='bbox 400 1399 550 1468; x_wconf 80' lang='lat' dir='ltr'><strong>exauditi</strong></span> <span class='ocrx_word' id='word_1_42' title='bbox 573 1400 720 1484; x_wconf 83' lang='lat' dir='ltr'><strong>gemitus</strong></span> <span class='ocrx_word' id='word_1_43' title='bbox 749 1401 853 1486; x_wconf 89' lang='lat' dir='ltr'><strong>atque</strong></span> <span class='ocrx_word' id='word_1_44' title='bbox 876 1399 950 1468; x_wconf 88' lang='lat' dir='ltr'><strong>alta</strong></span> <span class='ocrx_word' id='word_1_45' title='bbox 971 1399 1120 1466; x_wconf 86' lang='lat' dir='ltr'><strong>virorum</strong></span> 
     </span>
     <span class='ocr_line' id='line_1_9' title="bbox 295 1521 1182 1608; baseline 0.001 -21"><span class='ocrx_word' id='word_1_46' title='bbox 295 1522 462 1588; x_wconf 86' lang='lat' dir='ltr'><strong>Lamenta</strong></span> <span class='ocrx_word' id='word_1_47' title='bbox 484 1525 520 1589; x_wconf 88' lang='lat' dir='ltr'><strong>et</strong></span> <span class='ocrx_word' id='word_1_48' title='bbox 546 1521 625 1590; x_wconf 89' lang='grc'>15111</span> <span class='ocrx_word' id='word_1_49' title='bbox 648 1522 772 1590; x_wconf 87' lang='lat' dir='ltr'><strong>stridor</strong></span> <span class='ocrx_word' id='word_1_50' title='bbox 795 1524 994 1608; x_wconf 82' lang='lat' dir='ltr'><strong>tractaeque</strong></span> <span class='ocrx_word' id='word_1_51' title='bbox 1017 1524 1182 1602; x_wconf 89' lang='lat' dir='ltr'><strong>catenae,</strong></span> 
     </span>
     <span class='ocr_line' id='line_1_10' title="bbox 296 1643 1124 1731; baseline 0.001 -22"><span class='ocrx_word' id='word_1_52' title='bbox 296 1643 535 1731; x_wconf 81' lang='lat' dir='ltr'><strong>Pallentesque</strong></span> <span class='ocrx_word' id='word_1_53' title='bbox 559 1645 657 1730; x_wconf 87' lang='lat' dir='ltr'><strong>ignes</strong></span> <span class='ocrx_word' id='word_1_54' title='bbox 679 1646 778 1714; x_wconf 88' lang='lat' dir='ltr'><strong>tetris</strong></span> <span class='ocrx_word' id='word_1_55' title='bbox 800 1644 922 1714; x_wconf 88' lang='lat' dir='ltr'><strong>ardere</strong></span> <span class='ocrx_word' id='word_1_56' title='bbox 944 1645 1124 1724; x_wconf 88' lang='lat' dir='ltr'><strong>cave1·nis;</strong></span> 
     </span>
     <span class='ocr_line' id='line_1_11' title="bbox 296 1770 1206 1862; baseline 0.011 -28"><span class='ocrx_word' id='word_1_57' title='bbox 296 1770 446 1837; x_wconf 86' lang='lat' dir='ltr'><strong>llrtubus</strong></span> <span class='ocrx_word' id='word_1_58' title='bbox 467 1770 524 1837; x_wconf 88' lang='lat' dir='ltr'><strong>illo</strong></span> <span class='ocrx_word' id='word_1_59' title='bbox 549 1771 638 1854; x_wconf 91' lang='lat' dir='ltr'><strong>riget</strong></span> <span class='ocrx_word' id='word_1_60' title='bbox 661 1771 761 1862; x_wconf 85' lang='lat' dir='ltr'><strong>totis,</strong></span> <span class='ocrx_word' id='word_1_61' title='bbox 786 1772 897 1858; x_wconf 91' lang='lat' dir='ltr'><strong>quatit</strong></span> <span class='ocrx_word' id='word_1_62' title='bbox 921 1771 979 1839; x_wconf 92' lang='lat' dir='ltr'><strong>ilia</strong></span> <span class='ocrx_word' id='word_1_63' title='bbox 1000 1773 1121 1838; x_wconf 90' lang='lat' dir='ltr'><strong>terror.</strong></span> <span class='ocrx_word' id='word_1_64' title='bbox 1200 1831 1206 1844; x_wconf 89' lang='lat'>.</span> 
     </span>
     <span class='ocr_line' id='line_1_12' title="bbox 297 1893 1202 1982; baseline 0.002 -22"><span class='ocrx_word' id='word_1_65' title='bbox 297 1896 383 1964; x_wconf 84' lang='lat' dir='ltr'><strong>Ecce</strong></span> <span class='ocrx_word' id='word_1_66' title='bbox 405 1898 522 1963; x_wconf 89' lang='lat' dir='ltr'><strong>autem</strong></span> <span class='ocrx_word' id='word_1_67' title='bbox 545 1901 689 1982; x_wconf 89' lang='lat' dir='ltr'><strong>apparet</strong></span> <span class='ocrx_word' id='word_1_68' title='bbox 711 1893 897 1966; x_wconf 89' lang='lat' dir='ltr'><strong>moriturae</strong></span> <span class='ocrx_word' id='word_1_69' title='bbox 919 1896 1039 1964; x_wconf 90' lang='lat' dir='ltr'><strong>matris</strong></span> <span class='ocrx_word' id='word_1_70' title='bbox 1066 1896 1202 1979; x_wconf 82' lang='lat' dir='ltr'><strong>imago,</strong></span> 
     </span>
    </p>

    <p class='ocr_par' dir='ltr' id='par_1_6' title="bbox 186 2019 1290 2230">
     <span class='ocr_line' id='line_1_13' title="bbox 186 2019 1290 2108; baseline -0.001 -24"><span class='ocrx_word' id='word_1_71' title='bbox 186 2019 251 2084; x_wconf 84' lang='grc'><strong>565</strong></span> <span class='ocrx_word' id='word_1_72' title='bbox 296 2019 404 2087; x_wconf 85' lang='lat' dir='ltr'><strong>Multa</strong></span> <span class='ocrx_word' id='word_1_73' title='bbox 425 2039 568 2105; x_wconf 88' lang='lat' dir='ltr'><strong>gemens</strong></span> <span class='ocrx_word' id='word_1_74' title='bbox 597 2021 804 2108; x_wconf 84' lang='lat' dir='ltr'><strong>plagamque</strong></span> <span class='ocrx_word' id='word_1_75' title='bbox 836 2023 931 2090; x_wconf 90' lang='lat' dir='ltr'><strong>sinus</strong></span> <span class='ocrx_word' id='word_1_76' title='bbox 953 2021 1103 2090; x_wconf 89' lang='lat' dir='ltr'><strong>ostendit</strong></span> <span class='ocrx_word' id='word_1_77' title='bbox 1126 2019 1290 2086; x_wconf 88' lang='lat' dir='ltr'><strong>hiantem.</strong></span> 
     </span>
     <span class='ocr_line' id='line_1_14' title="bbox 295 2145 1229 2230; baseline 0.005 -19"><span class='ocrx_word' id='word_1_78' title='bbox 295 2145 421 2212; x_wconf 88' lang='lat' dir='ltr'><strong>Umbra</strong></span> <span class='ocrx_word' id='word_1_79' title='bbox 442 2147 533 2213; x_wconf 91' lang='lat' dir='ltr'><strong>subit</strong></span> <span class='ocrx_word' id='word_1_80' title='bbox 556 2147 674 2227; x_wconf 86' lang='lat' dir='ltr'><strong>Burri;</strong></span> <span class='ocrx_word' id='word_1_81' title='bbox 699 2146 789 2214; x_wconf 85' lang='lat' dir='ltr'><strong>caesi</strong></span> <span class='ocrx_word' id='word_1_82' title='bbox 812 2147 903 2214; x_wconf 88' lang='lat' dir='ltr'><strong>subit</strong></span> <span class='ocrx_word' id='word_1_83' title='bbox 925 2145 1046 2213; x_wconf 87' lang='lat' dir='ltr'><strong>umbra</strong></span> <span class='ocrx_word' id='word_1_84' title='bbox 1068 2145 1229 2230; x_wconf 87' lang='lat' dir='ltr'><strong>magistri.</strong></span> 
     </span>
    </p>

    <p class='ocr_par' dir='ltr' id='par_1_7' title="bbox 233 2247 1313 2607">
     <span class='ocr_line' id='line_1_15' title="bbox 233 2247 1313 2358; baseline -0.001 -21"><span class='ocrx_word' id='word_1_85' title='bbox 233 2303 236 2308; x_wconf 96' lang='lat'>·</span> <span class='ocrx_word' id='word_1_86' title='bbox 296 2270 457 2357; x_wconf 82' lang='lat' dir='ltr'><strong>Coniugis</strong></span> <span class='ocrx_word' id='word_1_87' title='bbox 477 2276 514 2338; x_wconf 88' lang='grc'><strong>51</strong></span> <span class='ocrx_word' id='word_1_88' title='bbox 536 2273 702 2356; x_wconf 87' lang='lat' dir='ltr'><strong>miserae;</strong></span> <span class='ocrx_word' id='word_1_89' title='bbox 734 2272 842 2340; x_wconf 86' lang='lat' dir='ltr'><strong>tirriac</strong></span> <span class='ocrx_word' id='word_1_90' title='bbox 865 2247 1087 2358; x_wconf 80' lang='lat' dir='ltr'><strong>plectuntque</strong></span> <span class='ocrx_word' id='word_1_91' title='bbox 1109 2272 1313 2358; x_wconf 86' lang='lat' dir='ltr'><strong>agitantque</strong></span> 
     </span>
     <span class='ocr_line' id='line_1_16' title="bbox 298 2395 1172 2482; baseline 0 -21"><span class='ocrx_word' id='word_1_92' title='bbox 298 2395 462 2479; x_wconf 88' lang='lat' dir='ltr'><strong>Ultrices,</strong></span> <span class='ocrx_word' id='word_1_93' title='bbox 485 2397 559 2464; x_wconf 92' lang='lat' dir='ltr'><strong>diro</strong></span> <span class='ocrx_word' id='word_1_94' title='bbox 581 2399 618 2465; x_wconf 90' lang='grc'><strong>51</strong></span> <span class='ocrx_word' id='word_1_95' title='bbox 637 2397 806 2465; x_wconf 85' lang='lat' dir='ltr'><strong>lacessant</strong></span> <span class='ocrx_word' id='word_1_96' title='bbox 828 2396 1027 2482; x_wconf 86' lang='lat' dir='ltr'><strong>praecordia</strong></span> <span class='ocrx_word' id='word_1_97' title='bbox 1050 2413 1172 2463; x_wconf 90' lang='lat' dir='ltr'><strong>morsu.</strong></span> 
     </span>
     <span class='ocr_line' id='line_1_17' title="bbox 299 2520 1200 2607; baseline -0.001 -20"><span class='ocrx_word' id='word_1_98' title='bbox 299 2520 360 2588; x_wconf 91' lang='lat' dir='ltr'><strong>ille</strong></span> <span class='ocrx_word' id='word_1_99' title='bbox 382 2527 458 2589; x_wconf 92' lang='lat' dir='ltr'><strong>orat</strong></span> <span class='ocrx_word' id='word_1_100' title='bbox 481 2524 626 2590; x_wconf 90' lang='lat' dir='ltr'><strong>mortem</strong></span> <span class='ocrx_word' id='word_1_101' title='bbox 648 2524 839 2605; x_wconf 86' lang='lat' dir='ltr'><strong>incassum,</strong></span> <span class='ocrx_word' id='word_1_102' title='bbox 863 2541 953 2590; x_wconf 91' lang='lat' dir='ltr'><strong>mors</strong></span> <span class='ocrx_word' id='word_1_103' title='bbox 975 2520 1095 2607; x_wconf 84' lang='lat' dir='ltr'><strong>effugit</strong></span> <span class='ocrx_word' id='word_1_104' title='bbox 1118 2521 1200 2606; x_wconf 90' lang='lat' dir='ltr'><strong>ipsa.</strong></span> 
     </span>
    </p>

    <p class='ocr_par' dir='ltr' id='par_1_8' title="bbox 187 2646 1379 3236">
     <span class='ocr_line' id='line_1_18' title="bbox 187 2646 1298 2733; baseline 0 -21"><span class='ocrx_word' id='word_1_105' title='bbox 187 2647 252 2712; x_wconf 82' lang='lat'><strong>570</strong></span> <span class='ocrx_word' id='word_1_106' title='bbox 386 2649 532 2733; x_wconf 84' lang='lat' dir='ltr'><strong>Tempus</strong></span> <span class='ocrx_word' id='word_1_107' title='bbox 554 2647 639 2728; x_wconf 89' lang='lat' dir='ltr'><strong>erit,</strong></span> <span class='ocrx_word' id='word_1_108' title='bbox 664 2667 725 2716; x_wconf 89' lang='lat' dir='ltr'><strong>rex</strong></span> <span class='ocrx_word' id='word_1_109' title='bbox 748 2646 890 2731; x_wconf 83' lang='lat' dir='ltr'><strong>infelix,</strong></span> <span class='ocrx_word' id='word_1_110' title='bbox 913 2666 979 2716; x_wconf 91' lang='lat' dir='ltr'><strong>nec</strong></span> <span class='ocrx_word' id='word_1_111' title='bbox 1001 2647 1136 2732; x_wconf 86' lang='lat' dir='ltr'><strong>longius</strong></span> <span class='ocrx_word' id='word_1_112' title='bbox 1158 2647 1219 2714; x_wconf 87' lang='lat' dir='ltr'><strong>abs</strong></span> <span class='ocrx_word' id='word_1_113' title='bbox 1241 2646 1298 2727; x_wconf 90' lang='grc'><strong>15,</strong></span> 
     </span>
     <span class='ocr_line' id='line_1_19' title="bbox 296 2765 1134 2857; baseline 0.002 -19"><span class='ocrx_word' id='word_1_114' title='bbox 296 2773 369 2846; x_wconf 77' lang='lat' dir='ltr'><strong>Quo</strong></span> <span class='ocrx_word' id='word_1_115' title='bbox 393 2773 453 2839; x_wconf 90' lang='lat' dir='ltr'><strong>tibi</strong></span> <span class='ocrx_word' id='word_1_116' title='bbox 476 2774 664 2842; x_wconf 89' lang='lat' dir='ltr'><strong>conscisces</strong></span> <span class='ocrx_word' id='word_1_117' title='bbox 687 2765 812 2856; x_wconf 67' lang='lat' dir='ltr'><strong>letum,</strong></span> <span class='ocrx_word' id='word_1_118' title='bbox 835 2771 895 2840; x_wconf 88' lang='lat' dir='ltr'><strong>sed</strong></span> <span class='ocrx_word' id='word_1_119' title='bbox 918 2772 1042 2857; x_wconf 80' lang='lat' dir='ltr'><strong>frigida</strong></span> <span class='ocrx_word' id='word_1_120' title='bbox 1065 2772 1134 2840; x_wconf 84' lang='lat' dir='ltr'><strong>leto</strong></span> 
     </span>
     <span class='ocr_line' id='line_1_20' title="bbox 298 2898 1213 2985; baseline 0 -21"><span class='ocrx_word' id='word_1_121' title='bbox 298 2900 457 2984; x_wconf 87' lang='lat' dir='ltr'><strong>Torpebit</strong></span> <span class='ocrx_word' id='word_1_122' title='bbox 479 2918 622 2984; x_wconf 89' lang='lat' dir='ltr'><strong>manus,</strong></span> <span class='ocrx_word' id='word_1_123' title='bbox 645 2901 857 2985; x_wconf 86' lang='lat' dir='ltr'><strong>invisamque</strong></span> <span class='ocrx_word' id='word_1_124' title='bbox 880 2899 1083 2984; x_wconf 89' lang='lat' dir='ltr'><strong>abrumpere</strong></span> <span class='ocrx_word' id='word_1_125' title='bbox 1107 2898 1213 2965; x_wconf 85' lang='lat' dir='ltr'><strong>vitam</strong></span> 
     </span>
     <span class='ocr_line' id='line_1_21' title="bbox 297 3021 1263 3114; baseline -0.002 -24"><span class='ocrx_word' id='word_1_126' title='bbox 297 3025 340 3091; x_wconf 82' lang='lat' dir='ltr'><strong>st</strong></span> <span class='ocrx_word' id='word_1_127' title='bbox 361 3044 527 3113; x_wconf 89' lang='grc'>51555155</span> <span class='ocrx_word' id='word_1_128' title='bbox 550 3027 709 3114; x_wconf 87' lang='lat' dir='ltr'><strong>exquires</strong></span> <span class='ocrx_word' id='word_1_129' title='bbox 730 3043 851 3094; x_wconf 88' lang='lat' dir='ltr'><strong>amens</strong></span> <span class='ocrx_word' id='word_1_130' title='bbox 873 3025 947 3093; x_wconf 85' lang='lat' dir='ltr'><strong>iera</strong></span> <span class='ocrx_word' id='word_1_131' title='bbox 969 3041 1114 3092; x_wconf 90' lang='lat' dir='ltr'><strong>munera</strong></span> <span class='ocrx_word' id='word_1_132' title='bbox 1137 3021 1263 3091; x_wconf 92' lang='lat' dir='ltr'><strong>mortis.</strong></span> 
     </span>
     <span class='ocr_line' id='line_1_22' title="bbox 298 3149 1379 3236; baseline -0.004 -19"><span class='ocrx_word' id='word_1_133' title='bbox 298 3151 406 3218; x_wconf 88' lang='lat' dir='ltr'><strong>Maius</strong></span> <span class='ocrx_word' id='word_1_134' title='bbox 420 3151 532 3220; x_wconf 88' lang='lat' dir='ltr'><strong>adbuc</strong></span> <span class='ocrx_word' id='word_1_135' title='bbox 547 3151 656 3220; x_wconf 89' lang='lat' dir='ltr'><strong>scelus</strong></span> <span class='ocrx_word' id='word_1_136' title='bbox 671 3151 895 3236; x_wconf 86' lang='lat' dir='ltr'><strong>explendum,</strong></span> <span class='ocrx_word' id='word_1_137' title='bbox 911 3152 1016 3236; x_wconf 83' lang='lat' dir='ltr'><strong>atqua</strong></span> <span class='ocrx_word' id='word_1_138' title='bbox 1031 3149 1200 3216; x_wconf 91' lang='lat' dir='ltr'><strong>immensa</strong></span> <span class='ocrx_word' id='word_1_139' title='bbox 1214 3149 1379 3215; x_wconf 75' lang='lat' dir='ltr'><strong>l&#39;onantis</strong></span> 
     </span>
    </p>

    <p class='ocr_par' dir='ltr' id='par_1_9' title="bbox 185 3274 1263 3614">
     <span class='ocr_line' id='line_1_23' title="bbox 185 3274 1221 3361; baseline -0.001 -21"><span class='ocrx_word' id='word_1_140' title='bbox 185 3277 250 3342; x_wconf 82' lang='grc'>,315</span> <span class='ocrx_word' id='word_1_141' title='bbox 294 3277 350 3342; x_wconf 87' lang='grc'><strong>115</strong></span> <span class='ocrx_word' id='word_1_142' title='bbox 371 3277 488 3358; x_wconf 88' lang='lat' dir='ltr'><strong>cadat,</strong></span> <span class='ocrx_word' id='word_1_143' title='bbox 513 3277 609 3344; x_wconf 94' lang='lat' dir='ltr'><strong>binos</strong></span> <span class='ocrx_word' id='word_1_144' title='bbox 632 3278 795 3344; x_wconf 89' lang='lat' dir='ltr'><strong>Prooeres</strong></span> <span class='ocrx_word' id='word_1_145' title='bbox 818 3293 921 3361; x_wconf 90' lang='lat' dir='ltr'><strong>quum</strong></span> <span class='ocrx_word' id='word_1_146' title='bbox 945 3275 1067 3343; x_wconf 88' lang='grc'>155515</span> <span class='ocrx_word' id='word_1_147' title='bbox 1092 3274 1221 3360; x_wconf 91' lang='lat' dir='ltr'><strong>perdes.</strong></span> 
     </span>
     <span class='ocr_line' id='line_1_24' title="bbox 300 3398 1180 3488; baseline -0.003 -20"><span class='ocrx_word' id='word_1_148' title='bbox 300 3404 370 3469; x_wconf 91' lang='lat' dir='ltr'><strong>lam</strong></span> <span class='ocrx_word' id='word_1_149' title='bbox 393 3407 429 3469; x_wconf 91' lang='lat' dir='ltr'><strong>te</strong></span> <span class='ocrx_word' id='word_1_150' title='bbox 459 3403 630 3488; x_wconf 83' lang='lat' dir='ltr'><strong>conspicio</strong></span> <span class='ocrx_word' id='word_1_151' title='bbox 654 3403 826 3488; x_wconf 87' lang='lat' dir='ltr'><strong>(mentem</strong></span> <span class='ocrx_word' id='word_1_152' title='bbox 849 3419 914 3469; x_wconf 88' lang='lat' dir='ltr'><strong>nec</strong></span> <span class='ocrx_word' id='word_1_153' title='bbox 938 3399 1053 3469; x_wconf 79' lang='lat' dir='ltr'><strong>fabula</strong></span> <span class='ocrx_word' id='word_1_154' title='bbox 1075 3398 1180 3485; x_wconf 87' lang='lat' dir='ltr'><strong>ludit)</strong></span> 
     </span>
     <span class='ocr_line' id='line_1_25' title="bbox 299 3523 1263 3614; baseline -0.002 -23"><span class='ocrx_word' id='word_1_155' title='bbox 299 3525 549 3614; x_wconf 71' lang='grc'>1555155555</span> <span class='ocrx_word' id='word_1_156' title='bbox 571 3544 765 3612; x_wconf 88' lang='lat' dir='ltr'><strong>vagumque</strong></span> <span class='ocrx_word' id='word_1_157' title='bbox 788 3528 824 3594; x_wconf 87' lang='lat' dir='ltr'><strong>ct</strong></span> <span class='ocrx_word' id='word_1_158' title='bbox 846 3525 979 3592; x_wconf 89' lang='lat' dir='ltr'><strong>lletibus</strong></span> <span class='ocrx_word' id='word_1_159' title='bbox 1001 3542 1061 3591; x_wconf 90' lang='grc'><strong>515</strong></span> <span class='ocrx_word' id='word_1_160' title='bbox 1091 3523 1263 3609; x_wconf 83' lang='lat' dir='ltr'><strong>rigantem</strong></span> 
     </span>
    </p>

    <p class='ocr_par' dir='ltr' id='par_1_10' title="bbox 220 3647 1291 3860">
     <span class='ocr_line' id='line_1_26' title="bbox 220 3647 1156 3737; baseline -0.002 -21"><span class='ocrx_word' id='word_1_161' title='bbox 220 3653 224 3662; x_wconf 85' lang='lat'>&#39;</span> <span class='ocrx_word' id='word_1_162' title='bbox 299 3653 366 3718; x_wconf 89' lang='grc' dir='ltr'><strong>Ρ51</strong></span> <span class='ocrx_word' id='word_1_163' title='bbox 388 3654 526 3719; x_wconf 89' lang='lat' dir='ltr'><strong>noctem</strong></span> <span class='ocrx_word' id='word_1_164' title='bbox 548 3652 693 3737; x_wconf 89' lang='lat' dir='ltr'><strong>abrupto</strong></span> <span class='ocrx_word' id='word_1_165' title='bbox 716 3650 861 3718; x_wconf 90' lang='lat' dir='ltr'><strong>lustrare</strong></span> <span class='ocrx_word' id='word_1_166' title='bbox 884 3647 1013 3736; x_wconf 87' lang='lat' dir='ltr'><strong>palatia</strong></span> <span class='ocrx_word' id='word_1_167' title='bbox 1027 3667 1156 3716; x_wconf 89' lang='lat' dir='ltr'><strong>somno.</strong></span> 
     </span>
     <span class='ocr_line' id='line_1_27' title="bbox 297 3772 1291 3860; baseline -0.006 -16"><span class='ocrx_word' id='word_1_168' title='bbox 297 3777 367 3844; x_wconf 89' lang='lat' dir='ltr'><strong>Nec</strong></span> <span class='ocrx_word' id='word_1_169' title='bbox 388 3792 503 3843; x_wconf 89' lang='lat' dir='ltr'><strong>comes</strong></span> <span class='ocrx_word' id='word_1_170' title='bbox 524 3775 613 3843; x_wconf 91' lang='lat' dir='ltr'><strong>ullus</strong></span> <span class='ocrx_word' id='word_1_171' title='bbox 635 3775 731 3844; x_wconf 90' lang='lat' dir='ltr'><strong>adest</strong></span> <span class='ocrx_word' id='word_1_172' title='bbox 754 3775 893 3844; x_wconf 87' lang='lat' dir='ltr'><strong>milesve</strong></span> <span class='ocrx_word' id='word_1_173' title='bbox 914 3777 976 3843; x_wconf 87' lang='lat' dir='ltr'><strong>aut</strong></span> <span class='ocrx_word' id='word_1_174' title='bbox 997 3773 1131 3843; x_wconf 88' lang='lat' dir='ltr'><strong>sordida</strong></span> <span class='ocrx_word' id='word_1_175' title='bbox 1156 3772 1291 3860; x_wconf 64' lang='lat' dir='ltr'><strong>pellor:</strong></span> 
     </span>
    </p>

    <p class='ocr_par' dir='ltr' id='par_1_11' title="bbox 189 3899 1101 4107">
     <span class='ocr_line' id='line_1_28' title="bbox 189 3899 1101 3984; baseline 0.001 -17"><span class='ocrx_word' id='word_1_176' title='bbox 189 3903 254 3967; x_wconf 77' lang='lat'><strong>580</strong></span> <span class='ocrx_word' id='word_1_177' title='bbox 299 3900 460 3969; x_wconf 84' lang='grc'>115155515</span> <span class='ocrx_word' id='word_1_178' title='bbox 482 3901 585 3969; x_wconf 88' lang='lat' dir='ltr'><strong>duces</strong></span> <span class='ocrx_word' id='word_1_179' title='bbox 606 3901 675 3968; x_wconf 90' lang='lat' dir='ltr'><strong>iam</strong></span> <span class='ocrx_word' id='word_1_180' title='bbox 699 3899 774 3984; x_wconf 86' lang='lat' dir='ltr'><strong>lidi,</strong></span> <span class='ocrx_word' id='word_1_181' title='bbox 798 3901 969 3969; x_wconf 83' lang='lat' dir='ltr'><strong>exercitus</strong></span> <span class='ocrx_word' id='word_1_182' title='bbox 991 3899 1101 3968; x_wconf 87' lang='lat' dir='ltr'><strong>omnis</strong></span> 
     </span>
     <span class='ocr_line' id='line_1_29' title="bbox 301 4022 1092 4107; baseline -0.001 -19"><span class='ocrx_word' id='word_1_183' title='bbox 301 4022 450 4106; x_wconf 85' lang='lat' dir='ltr'><strong>Deiecit,</strong></span> <span class='ocrx_word' id='word_1_184' title='bbox 478 4023 548 4092; x_wconf 86' lang='lat' dir='ltr'><strong>iam</strong></span> <span class='ocrx_word' id='word_1_185' title='bbox 569 4025 605 4090; x_wconf 90' lang='lat' dir='ltr'><strong>te</strong></span> <span class='ocrx_word' id='word_1_186' title='bbox 628 4022 788 4090; x_wconf 90' lang='lat' dir='ltr'><strong>libertum</strong></span> <span class='ocrx_word' id='word_1_187' title='bbox 812 4025 912 4090; x_wconf 90' lang='lat' dir='ltr'><strong>turba</strong></span> <span class='ocrx_word' id='word_1_188' title='bbox 934 4022 1092 4107; x_wconf 90' lang='lat' dir='ltr'><strong>reliquit,</strong></span> 
     </span>
    </p>

    <p class='ocr_par' dir='ltr' id='par_1_12' title="bbox 300 4131 1180 4231">
     <span class='ocr_line' id='line_1_30' title="bbox 300 4131 1180 4231; baseline -0.002 -17"><span class='ocrx_word' id='word_1_189' title='bbox 300 4151 341 4214; x_wconf 85' lang='grc'><strong>111</strong></span> <span class='ocrx_word' id='word_1_190' title='bbox 362 4147 444 4215; x_wconf 91' lang='lat' dir='ltr'><strong>socii</strong></span> <span class='ocrx_word' id='word_1_191' title='bbox 466 4147 653 4231; x_wconf 88' lang='lat' dir='ltr'><strong>scelerum,</strong></span> <span class='ocrx_word' id='word_1_192' title='bbox 684 4147 780 4216; x_wconf 88' lang='lat' dir='ltr'><strong>deest</strong></span> <span class='ocrx_word' id='word_1_193' title='bbox 802 4151 838 4215; x_wconf 89' lang='lat' dir='ltr'><strong>et</strong></span> <span class='ocrx_word' id='word_1_194' title='bbox 859 4146 962 4214; x_wconf 88' lang='lat' dir='ltr'><strong>letale</strong></span> <span class='ocrx_word' id='word_1_195' title='bbox 987 4131 1180 4228; x_wconf 81' lang='lat' dir='ltr'><strong>venenum,</strong></span> 
     </span>
    </p>

    <p class='ocr_par' dir='ltr' id='par_1_13' title="bbox 301 4267 1229 4356">
     <span class='ocr_line' id='line_1_31' title="bbox 301 4267 1229 4356; baseline -0.006 -18"><span class='ocrx_word' id='word_1_196' title='bbox 301 4269 500 4338; x_wconf 90' lang='lat' dir='ltr'><strong>Iamdudum</strong></span> <span class='ocrx_word' id='word_1_197' title='bbox 523 4269 594 4356; x_wconf 89' lang='lat' dir='ltr'><strong>lpse</strong></span> <span class='ocrx_word' id='word_1_198' title='bbox 617 4269 678 4336; x_wconf 90' lang='lat' dir='ltr'><strong>tibi</strong></span> <span class='ocrx_word' id='word_1_199' title='bbox 702 4273 824 4338; x_wconf 85' lang='lat' dir='ltr'><strong>aurata</strong></span> <span class='ocrx_word' id='word_1_200' title='bbox 845 4268 935 4354; x_wconf 91' lang='lat' dir='ltr'><strong>quod</strong></span> <span class='ocrx_word' id='word_1_201' title='bbox 957 4267 1081 4354; x_wconf 81' lang='lat' dir='ltr'><strong>pyxide</strong></span> <span class='ocrx_word' id='word_1_202' title='bbox 1103 4285 1229 4335; x_wconf 86' lang='lat' dir='ltr'><strong>servas.</strong></span> 
     </span>
    </p>

    <p class='ocr_par' dir='ltr' id='par_1_14' title="bbox 192 4393 1272 4606">
     <span class='ocr_line' id='line_1_32' title="bbox 299 4393 1272 4482; baseline 0 -22"><span class='ocrx_word' id='word_1_203' title='bbox 299 4396 341 4462; x_wconf 87' lang='lat' dir='ltr'><strong>Et</strong></span> <span class='ocrx_word' id='word_1_204' title='bbox 363 4396 487 4481; x_wconf 87' lang='lat' dir='ltr'><strong>premit</strong></span> <span class='ocrx_word' id='word_1_205' title='bbox 510 4395 616 4480; x_wconf 90' lang='lat' dir='ltr'><strong>hora,</strong></span> <span class='ocrx_word' id='word_1_206' title='bbox 641 4395 758 4482; x_wconf 84' lang='lat' dir='ltr'><strong>lugam</strong></span> <span class='ocrx_word' id='word_1_207' title='bbox 780 4395 971 4476; x_wconf 88' lang='lat' dir='ltr'><strong>acceleras,</strong></span> <span class='ocrx_word' id='word_1_208' title='bbox 996 4393 1126 4478; x_wconf 87' lang='lat' dir='ltr'><strong>regalia</strong></span> <span class='ocrx_word' id='word_1_209' title='bbox 1149 4410 1213 4460; x_wconf 89' lang='lat' dir='ltr'><strong>nec</strong></span> <span class='ocrx_word' id='word_1_210' title='bbox 1237 4395 1272 4460; x_wconf 87' lang='lat' dir='ltr'><strong>te</strong></span> 
     </span>
     <span class='ocr_line' id='line_1_33' title="bbox 192 4519 1179 4606; baseline 0.001 -21"><span class='ocrx_word' id='word_1_211' title='bbox 192 4521 256 4586; x_wconf 83' lang='lat'><strong>585</strong></span> <span class='ocrx_word' id='word_1_212' title='bbox 298 4519 407 4588; x_wconf 88' lang='lat' dir='ltr'><strong>Pallia</strong></span> <span class='ocrx_word' id='word_1_213' title='bbox 431 4520 664 4602; x_wconf 90' lang='lat' dir='ltr'><strong>circumdant,</strong></span> <span class='ocrx_word' id='word_1_214' title='bbox 697 4519 822 4588; x_wconf 89' lang='lat' dir='ltr'><strong>detrito</strong></span> <span class='ocrx_word' id='word_1_215' title='bbox 844 4523 883 4588; x_wconf 90' lang='lat' dir='ltr'><strong>at</strong></span> <span class='ocrx_word' id='word_1_216' title='bbox 906 4519 1031 4606; x_wconf 90' lang='lat' dir='ltr'><strong>penula</strong></span> <span class='ocrx_word' id='word_1_217' title='bbox 1055 4536 1179 4606; x_wconf 89' lang='lat' dir='ltr'><strong>panno.</strong></span> 
     </span>
    </p>
   </div>
   <div class='ocr_carea' id='block_1_3' title="bbox 0 0 1764 5360">
    <p class='ocr_par' dir='ltr' id='par_1_15' title="bbox 0 0 1764 5360">
     <span class='ocr_line' id='line_1_34' title="bbox 0 0 1764 5360; baseline 0 0"><span class='ocrx_word' id='word_1_218' title='bbox 0 0 1764 5360; x_wconf 95' lang='lat' dir='ltr'><strong> </strong></span> 
     </span>
    </p>
   </div>
  </div>
 </body>
</html>
