3576 5376
722 1036 1010 1123 Prologus

414 1938 451 1986 ir
475 1935 638 1988 urrisun
665 1937 872 1990 comonmnu
895 1939 1023 1991 rirvno
1046 1959 1065 1974 -
1087 1940 1259 1992 Andipril
1282 1926 1314 1986 ill

464 2329 598 2399 Adestis
620 2333 804 2418 quotquot,
837 2331 1046 2418 spectatores
1078 2333 1229 2418 optumi,

376 2455 513 2526 Salvere
536 2457 634 2526 iubeo
646 2475 656 2540 ;
678 2457 758 2525 dein
781 2457 860 2544 quid
882 2457 1017 2526 fabulae
1039 2458 1124 2540 siet,

376 2582 406 2647 A
429 2583 665 2652 comoedorum
687 2587 803 2652 nostro
826 2583 1010 2652 ludendum
1036 2602 1164 2670 grege,
1247 2579 1251 2586 ’

376 2711 564 2796 Parumper
585 2709 765 2780 advortite.
800 2709 912 2778 Senex
935 2709 1096 2780 Chremes
1116 2716 1217 2797 pater

375 2832 514 2918 Charini
537 2835 611 2919 est,
634 2834 692 2921 qui
714 2825 880 2922 pecuniae
902 2835 1007 2903 nimis
1028 2837 1134 2904 tenax

311 3028 313 3034 .
378 2959 535 3028 Severius
557 2961 630 3048 agit
652 2979 730 3028 cum
753 2963 859 3046 gnato
883 2961 1074 3031 iuvenculo.

381 3085 584 3152 Paertaesus
605 3083 661 3152 hic
690 3087 837 3172 paterna
859 3083 993 3169 diffugit
1016 3082 1132 3166 domo,

380 3210 451 3278 Nec
472 3211 686 3280 nummulum
708 3211 843 3298 quidem
866 3229 943 3279 cum
966 3210 1108 3279 haberet
1128 3208 1346 3296 plumbeum;

379 3335 462 3416 Ast,
485 3336 565 3404 dum
587 3335 792 3421 charybdim
815 3335 924 3418 vitat,
947 3335 983 3402 in
1011 3333 1157 3419 Scyllam
1180 3333 1319 3417 incidit,

380 3461 502 3530 Incidit
524 3463 560 3530 in
583 3463 749 3550 parasitos
770 3462 902 3550 puellus
923 3462 1043 3530 miser!

377 3587 420 3654 Hi
444 3571 625 3675 qu'emdam
648 3589 897 3675 Blepharonem
921 3586 1098 3656 ludificant
1119 3587 1270 3670 subdoli,

378 3716 451 3790 Quo
473 3715 587 3782 ventri
610 3714 735 3783 dudum
757 3733 866 3784 vacuo
889 3713 1010 3783 melius
1032 3712 1222 3782 consulant.

378 3840 466 3907 Hinc
489 3842 696 3909 mercatores
716 3859 754 3909 se
775 3840 938 3908 simulant
958 3838 1138 3925 aegyptios

379 3965 547 4034 Charinus
568 3968 606 4034 et
627 3966 795 4054 parasitus
816 3965 906 4035 alter
927 3963 1075 4048 Sannio,

379 4091 509 4159 cenam
531 4091 585 4159 die
607 4091 715 4159 natali
738 4091 868 4160 lautam
890 4093 929 4159 ut
955 4092 1149 4176 aucupant,

380 4219 485 4285 Parat
507 4235 609 4304 quam
631 4221 738 4304 gnato
760 4217 945 4302 Cleonymo
971 4216 1139 4301 Blepharo
1162 4219 1279 4300 pater,

381 4344 511 4429 Optans
533 4347 571 4411 ut
593 4343 650 4412 ille
673 4345 886 4411 mercaturae
908 4343 967 4410 det
988 4358 1137 4428 operam.

383 4469 543 4555 Aegyptii
569 4468 648 4535 hinc
671 4485 798 4537 nomen
820 4465 1015 4536 comoediae
1038 4465 1191 4532 inditum.

381 4597 501 4664 Utrum
524 4615 546 4663 a
567 4598 670 4683 poeta
691 4595 859 4663 concinne
882 4593 916 4659 id
939 4593 1066 4661 sactum
1090 4591 1183 4674 diat,
