3560 5368
354 416 419 483 238
679 399 686 420 ‘
824 427 1098 480 enarnnsrsoos

459 553 589 623 Defluet
610 553 655 622 ad
679 553 783 634 talos,
806 552 937 621 levibus
958 553 1104 622 ludibria
1126 555 1260 637 ventu,

459 681 569 757 Quum
592 696 696 765 prope
720 678 789 744 iam
812 677 917 746 nodos
939 653 1272 748 dabitur'celebrare
1295 679 1435 765 iugales

548 804 634 872 Ecce
656 805 773 871 autem
795 801 838 869 ad
862 801 979 885 sedes,
1003 820 1070 888 quo
1091 819 1165 872 sese
1190 803 1279 873 ferre
1302 806 1450 884 solebat,

349 933 416 998 200
460 931 563 996 Anna
585 926 702 1006 venit,
728 925 831 1012 longo
854 927 952 994 vates
971 925 1166 1011 spectabilis
1188 945 1296 996 aevo:

459 1056 552 1122 Haec
575 1051 759 1121 coniuncta
781 1049 855 1118 viro
876 1051 1008 1136 septem
1032 1051 1101 1118 iam
1125 1050 1259 1120 vixerat
1282 1071 1409 1133 ann0s3

461 1180 505 1245 ,lt
526 1176 653 1244 dudum
675 1173 830 1258 viduata,
853 1174 911 1242 diu
933 1176 1105 1260 noctuque
1129 1175 1254 1261 fatigat

460 1297 615 1367 Sollicitis
637 1296 793 1384 precibus
815 1295 946 1363 caelum
969 1298 1006 1363 et
1027 1295 1157 1364 ieiunia
1178 1300 1319 1381 servat3

460 1423 599 1510 Saepius
620 1421 739 1490 invisit
760 1421 922 1504 iuvenes,
946 1423 983 1488 et
1005 1420 1116 1488 fausta
1138 1422 1258 1491 salutis
1398 1475 1402 1482 .

350 1551 417 1615 205
462 1548 526 1614 ilat
546 1545 678 1614 monita
700 1546 923 1631 optatumque
946 1545 1052 1611 Deum
1079 1545 1174 1612 canit
1196 1564 1269 1614 esse
1293 1547 1526 1633 propinquum.

461 1673 548 1758 Ergo
572 1671 725 1757 ingrema
747 1668 873 1752 semol,
900 1669 982 1736 felix
1003 1669 1052 1736 sio
1075 1688 1136 1738 ora
1158 1670 1319 1739 resolvit:

462 1797 555 1874 lam,
578 1792 692 1861 laetae
715 1810 736 1858 o
758 1792 920 1873 iuvenes,
955 1792 1050 1860 caelo
1073 1791 1256 1861 lectissima
1278 1792 1409 1879 proles,

461 1919 651 2005 Expectata
673 1917 745 1986 dies
766 1921 948 2004 properat;
978 1917 1161 2004 promimus
1182 1920 1226 1986 ab
1247 1919 1346 1986 astris

462 2047 513 2112 En
535 2045 623 2112 Deus
644 2043 831 2127 adveutat;
856 2043 969 2112 felicia
991 2047 1146 2130 tempora
1169 2047 1320 2112 currunt

354 2135 428 2238 210x
463 2170 691 2254 berlandes,
726 2189 790 2239 nec
819 2189 897 2258 spes
918 2171 1072 2238 animum
1094 2169 1178 2237 mihi
1202 2171 1344 2239 frustrat
1366 2173 1495 2240 inanis:

464 2297 635 2382 Incipiunt
658 2297 814 2364 miranda
836 2297 894 2365 Ilei
906 2315 916 2380 ς
939 2297 1024 2366 haec
1048 2315 1125 2366 moa
1147 2297 1242 2382 figite
1265 2297 1367 2366 dicta

464 2423 661 2506 Zacharias,
685 2424 739 2492 cui
762 2427 853 2492 sorte
875 2423 1010 2506 datum,
1035 2424 1229 2510 penetralia
1250 2425 1368 2512 templi

465 2553 611 2635 Sancta,
636 2553 732 2622 volut
753 2571 825 2620 mos
847 2557 919 2635 est,
943 2552 1038 2619 nullo
1059 2553 1248 2620 comitante
1269 2553 1412 2621 subibat.

464 2679 614 2748 Aureum
637 2679 693 2748 ubi
718 2679 826 2764 fulget
859 2678 1004 2766 gemmis
1025 2679 1134 2747 altaro
1157 2679 1324 2760 coruscis,

355 2809 421 2873 215
465 2805 615 2871 Nuncius
637 2808 782 2891 apparet
802 2805 924 2872 dextra
946 2802 1170 2872 candentibus
1191 2803 1273 2883 alis,

464 2936 530 3002 Ore
553 2933 739 3016 relucenti,
762 2931 871 3019 qualis
892 2931 979 3000 solet
1003 2950 1107 3018 usque
1131 2930 1237 2999 videri

465 3059 645 3127 Aetherius
666 3057 820 3143 iuvenis,
845 3076 948 3145 quum
971 3057 1072 3126 terris
1093 3058 1213 3125 missus
1235 3057 1278 3124 ab
1301 3056 1371 3124 alto

466 3190 612 3272 Visitur,
644 3189 896 3274 omnipotentis
918 3187 1011 3255 enim
1035 3187 1199 3256 mandata
1222 3185 1365 3254 faceaeit.

463 3315 644 3401 Obstupuit
665 3314 740 3382 visu
761 3313 876 3382 senior
899 3313 1116 3399 trepidusque
1140 3313 1290 3380 cucurrit

357 3447 421 3512 220
466 3442 618 3512 Membra
640 3459 765 3526 pavor:
789 3440 922 3526 placido
944 3439 1042 3508 vultu
1065 3440 1112 3505 sic
1137 3438 1254 3524 Aliger
1277 3439 1370 3505 infit:

466 3572 560 3637 Pone
583 3569 733 3649 metum,
756 3584 821 3635 nec
844 3566 935 3634 enim
959 3565 1066 3633 tristis
1088 3565 1149 3632 tibi
1163 3564 1317 3632 nuncius
1338 3563 1467 3668 adsum.

357 3745 361 3753 .
468 3693 598 3761 Annuit
619 3692 843 3777 Omnipotens
866 3692 974 3776 votis,
1003 3708 1091 3777 quae
1114 3694 1268 3776 tempore
1293 3689 1394 3772 longo

469 3825 624 3891 Moereus
646 3821 690 3888 ad
711 3819 843 3888 caelum
865 3817 972 3887 sterili
996 3835 1073 3885 cum
1096 3817 1241 3900 coniuge
1270 3815 1403 3883 fundis:

465 3949 689 4030 Quantumvis
710 3949 826 4017 aetate
847 3945 963 4034 gravis
996 3944 1188 4032 sterilisque
1210 3945 1351 4011 senecta

357 4079 424 4146 225
468 4075 660 4160 Elisabeth,
683 4078 804 4144 sancta
828 4072 931 4141 iaciat
953 4073 988 4140 te
1011 4071 1105 4158 prole
1129 4071 1288 4152 beatum,

467 4202 605 4271 Ioannis
627 4202 681 4270 cui
704 4217 831 4271 nomen
852 4199 935 4281 erit3
960 4215 1063 4284 quum
1086 4193 1224 4264 luminis
1245 4211 1347 4262 auras

469 4329 610 4398 Hauriat
633 4328 705 4411 hic,
736 4325 860 4394 multas
881 4323 1068 4391 tentabunt
1088 4321 1214 4406 gauffla
1235 4322 1377 4388 mentes.

471 4456 522 4523 (lb
540 4452 626 4524 'salix
649 4454 778 4544 proles!
815 4451 918 4520 talem
942 4468 1006 4518 uec
1028 4449 1140 4520 saecla
1164 4447 1335 4527 tulerunt,
