3472 5360
680 523 792 579 111111
815 504 965 576 1111111
1361 506 1419 573 111
1498 498 1501 505 ’

330 651 513 738 Egregium
535 650 641 718 vellet
662 650 823 718 iuvenem
845 663 1046 734 sacramque
1067 645 1175 714 tidelis

217 779 284 845 295
331 777 469 845 Abrami
491 774 658 856 sobolom,
686 777 713 841 si
737 773 804 855 ias,
829 772 1014 857 deperdere
1036 771 1123 840 leto:

228 878 233 890 ¹
330 899 606 1002 Quandoquidem
629 899 801 983 Babylone
823 897 933 981 magis
954 898 1007 963 est
1027 895 1099 964 alta
1121 899 1292 982 potestas,

329 1026 425 1094 Altus
445 1024 570 1108 honos,
594 1023 669 1091 illos
691 1041 753 1091 rex
777 1023 848 1108 ipse
870 997 1030 1089 et'turba
1052 1023 1225 1089 vorentur.

328 1153 387 1220 1111
409 1170 493 1238 ergo
515 1151 633 1219 doctus
656 1147 793 1217 fraudes
814 1150 992 1233 artemque
1014 1147 1181 1228 nocendi,

328 1277 382 1344 Nil
403 1276 612 1344 intentatum
635 1273 776 1358 linquit,
800 1272 903 1340 letale
923 1289 1096 1358 venenum

216 1405 282 1469 300
326 1403 433 1469 Omne
457 1401 583 1468 vomit:
606 1398 709 1466 dubia
732 1397 872 1464 blandos
894 1414 955 1463 rex
977 1397 1104 1482 excipit
1126 1397 1216 1464 ultro

329 1526 420 1595 dure
442 1542 558 1609 sonos,
579 1523 759 1608 variisque
782 1537 909 1607 anceps
930 1521 1142 1589 sermonibus
1163 1522 1290 1589 haeret

415 1648 562 1718 Smerdis
583 1651 621 1716 at
642 1647 763 1732 ignaro
786 1646 895 1731 magis
917 1664 1024 1732 usque
1047 1645 1188 1714 illudere
1211 1649 1314 1732 vulgo

329 1775 454 1842 Nititur
476 1771 624 1841 horrifici
646 1771 806 1840 monstris
828 1773 864 1838 et
887 1769 1006 1838 fraude
1028 1769 1194 1838 draconis.

326 1898 411 1967 Huic
433 1897 575 1968 maculis
597 1897 714 1964 variae
736 1894 929 1982 depingunt
952 1898 1091 1980 tergora
1112 1912 1291 1980 squamae,

215 2025 283 2092 305
326 2022 458 2092 cervici
480 2023 634 2108 insignes
655 2021 795 2102 cristae,
816 2019 1027 2089 flammantia
1050 2019 1183 2105 fulgent

327 2147 488 2231 Lumina,
512 2149 547 2215 et
570 2146 704 2230 ingenti
726 2145 881 2230 linguam
901 2144 1015 2212 vibrat
1037 2163 1096 2212 ore
1120 2112 1312 2214 trisulcam:

328 2269 467 2338 Metitur
489 2268 562 2337 iani
583 2250 659 2337 late'
676 2269 769 2351 loca,
791 2284 884 2335 nunc
906 2269 1008 2353 caput
1030 2267 1137 2336 altum

328 2395 479 2479 Attollit,
503 2395 613 2465 cauda
634 2412 727 2462 nunc
749 2394 877 2462 circum
898 2395 1091 2474 advolvitur
1113 2413 1204 2463 arae

326 2521 390 2599 Qui
411 2521 524 2607 specie
547 2521 676 2590 colubri
700 2521 834 2589 facilem
857 2521 1040 2606 deceperat
1062 2523 1211 2603 Hevam,

216 2651 283 2716 310
328 2649 400 2715 Hac
422 2646 553 2716 mavult
575 2646 708 2715 ratione
731 2645 796 2714 coli
818 2648 1015 2716 teterrimus
1036 2647 1158 2728 hostis,

327 2771 422 2840 Unde
446 2771 622 2840 hominum
643 2789 754 2856 genus
773 2771 933 2840 inficiunt
954 2773 1116 2860 contagia
1137 2773 1266 2859 culpae.

325 2897 468 2967 Credula
491 2897 591 2965 turba
611 2898 717 2983 dapes
738 2897 897 2966 certatim
918 2915 960 2966 ac
982 2915 1128 2967 munera
1148 2893 1258 2966 1111111

326 3023 411 3091 Huic
433 3025 601 3117 monstro,
632 2999 807 3110 mrdioque
828 3023 953 3093 altaria
973 3024 1141 3109 sanguine
1164 3026 1311 3111 spargit,

326 3150 435 3225 Quem
458 3152 576 3219 tamen
591 3150 733 3218 obtenta
755 3147 841 3217 ludit
862 3149 991 3235 pietate
1013 3151 1178 3219 sacerdos.

214 3279 282 3344 315
326 3277 423 3344 Haud
445 3251 573 3343 coleret
594 3275 718 3360 Cyrus,
743 3261 825 3342 nam
846 3275 914 3343 Soli
937 3280 1018 3345 vota
1041 3277 1212 3346 facessunt

326 3399 526 3482 Arsacidae,
550 3401 728 3487 Solemque
750 3419 875 3482 unum,
896 3420 959 3471 ceu
980 3420 1128 3487 numen,
1151 3405 1304 3471 adorant

327 3528 491 3595 Attamen
514 3526 660 3612 Assyriis
683 3545 812 3596 morem
834 3529 941 3612 gerit,
965 3529 1103 3616 ipsaque
1127 3530 1245 3598 lanum

327 3654 456 3722 Inscius
477 3653 684 3738 ingreditur,
708 3652 832 3736 donec,
858 3654 997 3724 Daniele
1020 3657 1200 3740 magistro,

329 3779 471 3848 Insidiae
493 3796 535 3848 ac
556 3780 670 3848 miseri
693 3781 837 3866 pateant
857 3779 1003 3848 ludibria
1023 3780 1127 3867 vulgi.

214 3907 281 3974 320
328 3907 421 3973 Tunc
443 3924 525 3974 rex:
550 3906 671 3974 Nonne
695 3907 782 3974 Deus
804 3905 925 3976 vivens
947 3907 1024 3974 hiel
1045 3907 1173 3994 poplite
1195 3927 1299 3976 curvo

327 4036 415 4117 Ergo
437 4031 520 4100 oole.
543 4033 750 4102 ottoniel:
774 4035 886 4102 Unum
908 4033 1091 4120 divumque
1116 4034 1357 4120 hominumque

324 4161 398 4244 Ipse
421 4159 528 4225 Deum
550 4157 641 4240 colo,
665 4159 721 4244 qui
744 4157 840 4227 iussit
861 4160 1097 4246 splendescere
1118 4159 1224 4227 solem

326 4287 376 4353 Ex
397 4284 504 4353 nihilo
526 4285 712 4372 lunamque
734 4289 771 4356 et
798 4287 921 4356 summi
942 4287 1054 4356 sidera
1075 4286 1178 4370 caeli,

326 4411 390 4488 Qui
412 4411 544 4480 caelum
566 4414 741 4498 terrasque
764 4415 931 4483 immenso
953 4413 1094 4481 numine
1116 4412 1272 4498 complet.
1359 4399 1366 4414 '

215 4539 282 4606 325
327 4540 375 4606 Da
398 4538 496 4622 mibi,
522 4555 599 4628 1111,
622 4539 781 4608 veniam:
805 4539 957 4608 divinum
980 4543 1089 4608 morto
1111 4539 1296 4609 draconem
