3472 5360
336 499 397 566 120
820 523 1059 576 oanrnonmos

435 643 598 730 impingit
619 648 760 717 summis
783 649 919 734 signum
942 649 1097 717 mirabile
1119 649 1267 738 plantiS,

437 771 703 860 percussamque
725 777 796 844 solo
817 775 930 845 cernis
953 778 1173 863 procumbere
1195 777 1329 847 molem.

437 895 491 962 Fit
512 900 623 969 subito
644 903 755 987 pulvis
776 903 913 991 rapidas
935 905 1092 972 turbatus
1113 905 1150 970 in
1172 922 1282 973 auras.

436 1027 501 1094 Sed
523 1027 608 1114 lapis
630 1026 666 1095 in
690 1031 824 1097 vastum
845 1030 1061 1115 protenditur
1083 1029 1232 1117 undique
1255 1033 1429 1117 montem,

329 1153 393 1218 330
438 1155 644 1239 Terramqoe
666 1171 877 1240 exaequans,
899 1155 1081 1222 aeternnm
1104 1155 1192 1224 mole
1213 1176 1276 1226 sua
1296 1161 1375 1228 stet.

437 1279 530 1346 Haec
551 1278 638 1361 tibi,
661 1297 743 1362 rex,
768 1279 841 1348 visa
862 1280 898 1346 in
921 1279 1064 1362 somnis;
1088 1298 1181 1350 nunc
1204 1283 1277 1351 visa
1298 1285 1433 1354 docebo.

439 1405 485 1471 Te
508 1407 611 1490 capnt
633 1420 678 1471 ex
698 1422 783 1472 auro
804 1404 963 1490 simulat,
986 1405 1166 1474 fortissime
1189 1425 1330 1492 regum,

439 1528 502 1606 Qui
524 1528 631 1596 tantis
652 1528 770 1615 opibus
792 1530 892 1598 tanta
913 1530 950 1597 et
971 1529 1100 1598 ditione
1123 1531 1266 1616 potitus,

440 1653 595 1738 Assyrios
616 1653 707 1740 regis
728 1653 870 1740 imperio
892 1653 1097 1740 populosque
1120 1656 1299 1743 ducesque.

328 1783 394 1848 335
438 1780 593 1867 urgento
615 1781 770 1849 innuitur
791 1799 937 1867 regnum
959 1783 1047 1869 quod
1069 1800 1158 1868 pone
1182 1788 1342 1871 sequetur

440 1905 611 1988 Deterius3
633 1905 694 1973 sed
715 1905 838 1974 deinde
859 1905 952 1974 aliud
975 1907 1128 1976 felicibus
1148 1909 1240 1978 arusis

439 2029 608 2097 Bellorum
631 2032 725 2099 terra
746 2047 881 2116 prorsus
903 2028 1133 2097 dominabitur
1155 2032 1269 2114 omni;

438 2154 648 2224 notandam
671 2157 850 2242 quartum,
876 2154 955 2222 icrri
978 2153 1067 2240 quod
1089 2157 1191 2242 fingit
1211 2158 1343 2246 imago,

439 2280 564 2348 Omnia
584 2281 758 2362 subiiciet,
782 2299 863 2348 nam
885 2279 1020 2347 subiicit
1041 2281 1157 2350 omnia
1179 2282 1316 2352 serrum.

328 2404 393 2471 340
438 2405 518 2472 Post
541 2403 631 2472 hanc
652 2420 837 2489 regnorum
858 2403 1002 2486 seriem,
1027 2407 1103 2489 post
1125 2405 1275 2473 maxima
1297 2427 1417 2494 regum

437 2529 565 2612 Facta,
588 2527 699 2598 aderit
721 2529 832 2596 totum
854 2530 988 2614 sceptro
1009 2529 1068 2615 qui
1092 2531 1261 2616 temperet
1283 2535 1419 2618 orbem,

438 2651 661 2737 Paciferaque
683 2653 783 2736 regat
804 2653 915 2719 terras
936 2651 1065 2719 ditione
1088 2653 1255 2724 subactas.

437 2780 528 2846 Haeo
550 2777 611 2844 tioi
634 2775 715 2844 totle
737 2793 885 2860 memor,
908 2778 1069 2862 certaque
1092 2777 1178 2844 haec
1202 2783 1317 2849 mente
1340 2782 1495 2852 reconde.

526 2903 701 2970 Attonitus
722 2902 839 2985 dictis,
862 2902 945 2970 mihi
968 2919 1030 2970 rex
1045 2903 1101 2972 vel
1117 2905 1195 2972 tura
1209 2905 1376 2976 dedimct:

329 3035 395 3100 315
439 3031 486 3098 At
506 3047 577 3097 non
599 3028 685 3097 haec
707 3031 866 3112 nostrae,
890 3045 960 3096 non
984 3030 1069 3098 hacc
1091 3030 1261 3116 sapientia
1284 3035 1429 3116 mentis,

439 3158 610 3238 Incumo;
633 3157 742 3240 Deus,
765 3157 836 3242 ipse
859 3157 947 3224 Deus
967 3158 1173 3241 portendere
1196 3157 1288 3227 facta

437 3285 548 3351 Tanta
570 3282 680 3365 dedit;
704 3282 778 3350 laus
800 3280 895 3364 huic,
919 3280 997 3349 huic
1020 3283 1080 3349 uni
1104 3301 1247 3352 munera
1269 3287 1402 3355 dentur.

440 3408 628 3476 Chaldaeus
651 3407 765 3492 iavet,
788 3406 954 3476 Isacidum
975 3426 1206 3496 magnumque
1231 3412 1357 3481 fatetur

439 3537 517 3603 Esse
539 3537 661 3616 Deum
685 3551 807 3621 meque
830 3534 1038 3602 immeritum
1061 3538 1179 3604 tamen
1201 3542 1306 3624 auget
1328 3539 1466 3610 honore.

329 3664 394 3729 350
437 3662 519 3727 Tres
540 3659 647 3728 socios
668 3661 889 3742 commendo;
913 3660 1042 3728 etenim
1065 3679 1136 3730 non
1159 3681 1213 3730 me
1236 3681 1314 3733 mea
1336 3669 1494 3752 tangunt.

438 3785 589 3867 Annuit3
611 3786 649 3852 et
670 3784 801 3870 populis
823 3783 941 3852 Misacl
963 3785 1088 3872 aliique
1112 3787 1271 3872 regendis

440 3909 609 3978 Praefecti
631 3910 716 3978 dant
737 3910 833 3992 iura,
857 3911 980 3977 tenent
1002 3929 1057 3979 me
1080 3898 1320 3998 umina'regis.

435 4036 602 4120 Prospera
624 4034 749 4099 cuncta
771 4033 898 4132 cadunt
920 4032 990 4115 illi,
1014 4033 1189 4121 victorque
1213 4038 1360 4123 tropaeis

436 4157 572 4226 Addidit
593 4159 631 4225 et
651 4157 784 4243 Syriam
805 4157 911 4226 ditem
934 4158 1186 4246 Phoeniciaque
1209 4179 1293 4230 arva

326 4289 392 4354 355
436 4286 548 4372 Atque
571 4286 722 4353 Arabum
744 4287 782 4352 ct
804 4286 871 4354 Nili
895 4304 981 4373 quae
1005 4287 1127 4356 fertilis
1149 4289 1257 4357 abluit
1280 4292 1380 4359 unda

436 4413 553 4480 Gliscit
575 4429 671 4479 amor
692 4411 831 4480 laudum
852 4415 1003 4484 tumidae
1026 4419 1063 4485 et
1084 4415 1226 4484 vesania
1248 4417 1393 4503 mentiS,

438 4543 501 4612 Sed
525 4543 649 4630 premit
670 4544 797 4612 elatum
820 4544 1043 4631 Omnipotens
1064 4549 1100 4614 et
1121 4546 1261 4633 pulvere
1283 4549 1416 4616 sternit.
