3564 5376
701 522 813 574 menn
834 524 969 575 remus
1396 508 1441 576 93

341 651 456 719 Strata
475 651 546 719 solo
568 652 743 740 multoque
766 656 927 724 rubentes
947 655 1117 740 sanguine
1140 653 1301 740 camposl

228 773 297 838 295
340 773 575 860 Cappadocum
597 779 730 844 turmae
753 775 890 861 lbgiunt
911 775 1114 863 phrygiique
1137 776 1300 863 manipli,

342 900 412 966 Neo
434 900 502 967 iam
524 900 615 970 ultra
637 901 739 969 (lares
760 900 890 970 audent
911 903 1120 971 contendere
1143 903 1263 971 marte.

343 1026 414 1090 Iam
436 1025 520 1110 Lydi
543 1025 633 1095 bello
655 1025 754 1094 fracti
776 1043 926 1111 cessere,
949 1043 1014 1095 nec
1036 1026 1128 1094 ultre

343 1150 470 1236 nsyni
491 1151 637 1235 sistunt3
659 1151 743 1220 duro
765 1151 803 1219 in
824 1153 1014 1221 certamine
1036 1154 1179 1222 Croesus

343 1273 496 1362 Namque
518 1277 610 1344 acies
632 1276 751 1363 liquit,
775 1277 833 1344 vix
856 1278 932 1346 atra
954 1276 1059 1346 caede
1082 1279 1262 1346 cruentum

230 1401 297 1467 300
341 1401 466 1486 Cyrum
487 1402 734 1471 adventantem
757 1401 862 1486 vidit,
885 1403 1056 1490 vertitque
1080 1403 1259 1489 pudendae

343 1529 454 1614 berga
475 1528 598 1616 fugae,
622 1545 810 1615 properans
831 1527 945 1615 patria
965 1547 1002 1598 se
1025 1530 1174 1598 condere
1197 1531 1302 1600 Sardi.

342 1653 517 1722 Clauditur
537 1652 655 1722 audita
677 1654 877 1722 Labinitbus
899 1655 1004 1724 caede
1028 1672 1165 1724 suorum

342 1777 484 1847 Secmus
505 1778 700 1864 Babylone,
724 1779 815 1848 sores
836 1783 874 1848 et
895 1778 1032 1848 moenia
1055 1779 1180 1848 firmat.

342 1903 534 1990 Insequitur
557 1903 667 1973 victor
688 1922 852 1990 praeceps
873 1921 914 1971 ac
937 1903 1068 1972 obsidet
1089 1907 1218 1972 urbem.

234 2027 299 2092 305
342 2029 506 2097 Attamen
530 2028 707 2114 Amyrius,
731 2029 813 2098 licet
834 2027 883 2094 illi
907 2027 1004 2096 triste
1027 2028 1177 2096 minetur

343 2149 540 2235 Excidium,
562 2151 665 2236 genio
687 2151 845 2238 indulget
865 2167 926 2236 epe
950 2150 1057 2218 fretus
1078 2151 1195 2218 inani:

347 2277 433 2344 Nam
455 2277 580 2363 triplex
603 2278 721 2346 urbem
745 2295 919 2346 murorum
943 2277 1089 2346 circulus
1110 2278 1218 2346 ambit

345 2404 551 2502 Immensum
583 2407 764 2490 turresque
797 2403 890 2473 altae
913 2403 1108 2489 vallumque
1133 2402 1357 2489 proibndum3

346 2529 530 2596 Praeterea
550 2527 676 2597 multas
696 2528 882 2598 servabant
904 2528 1026 2596 horrea
1050 2527 1186 2621 fruges,

233 2653 300 2720 310
344 2651 435 2727 Quas
455 2652 554 2720 simul
578 2657 682 2740 atque
704 2655 805 2721 boum
833 2653 1067 2740 pecudumque
1089 2656 1249 2720 armenta
1270 2651 1433 2720 Malassar

345 2778 508 2846 Providus
529 2796 690 2848 annonae
712 2778 899 2882 collegerat
923 2779 1074 2865 undique
1097 2779 1218 2846 custos.

430 2904 495 2972 Sed
517 2906 639 2974 contra
660 2904 884 2987 Abremidae,
909 2903 1032 2991 trepidi
1054 2921 1117 2972 ceu
1139 2902 1281 2972 saltibus
1302 2904 1403 2988 agni,

344 3029 502 3097 Pulsatur
523 3029 550 3096 si
574 3029 661 3098 sorte
684 3031 772 3118 lupis
792 3029 1002 3098 ululantibus
1024 3048 1107 3113 uer,

345 3155 581 3239 Conveniunt,
605 3156 782 3242 patrioque
806 3158 910 3224 Deum
935 3156 983 3224 sic
1004 3173 1063 3223 ore
1086 3157 1292 3243 precantur:

235 3282 302 3348 315
434 3282 473 3348 ln
496 3285 531 3348 te
554 3299 630 3367 spes
651 3282 781 3365 omnis,
804 3282 912 3365 Deus,
936 3285 972 3349 et
995 3280 1139 3364 fiducia3
1163 3281 1258 3349 nullo

347 3408 510 3494 Tempore
534 3407 703 3492 decipiam
727 3411 765 3482 tu
788 3424 865 3490 me,
889 3405 1090 3489 iustissime,
1114 3423 1234 3488 serva;

347 3535 437 3601 Vota
456 3550 642 3620 precesque
664 3532 766 3614 audi3
788 3548 954 3619 propere,
978 3534 1015 3600 et
1037 3530 1231 3600 discrimine
1255 3535 1353 3601 tanto

348 3659 467 3746 Eripe,
491 3676 639 3744 nemque
662 3660 779 3744 potee3
803 3657 886 3725 mihi
908 3659 954 3726 sis
975 3657 1144 3726 tutissima
1165 3658 1271 3726 sedes

347 3786 396 3851 'l'u
417 3787 536 3865 robur,
561 3785 598 3852 tu
621 3783 835 3870 perfugium,
860 3785 921 3851 tua
943 3783 1091 3851 nominis
1113 3783 1232 3851 umbra

236 3911 302 3978 320
348 3911 401 3978 Me
423 3911 540 3994 teget:
562 3909 711 3977 esuriam
734 3925 908 3995 nunquam
930 3912 993 3976 aut
1014 3926 1129 3976 errore
1153 3909 1284 3977 viarum

348 4035 525 4122 Abripiar,
550 4035 633 4103 mibi
654 4035 683 4104 si
706 4034 810 4103 fueris
832 4037 870 4102 tu
892 4034 1013 4104 ductor
1033 4038 1071 4103 et
1092 4051 1242 4120 auspex:

269 4179 276 4188 ·
350 4163 420 4231 Nec
442 4163 543 4231 tectis
564 4163 682 4249 capiar
703 4161 854 4248 laqueis,
878 4179 932 4229 me
956 4177 1104 4247 namque
1127 4160 1253 4229 tueris:

351 4289 404 4355 Me
427 4287 488 4356 tibi
510 4287 701 4370 committo,
725 4289 842 4375 captet
864 4288 944 4355 dum
966 4286 1104 4374 spiritus
1126 4303 1247 4362 auras,

350 4413 509 4480 Servatur
531 4415 618 4482 Deus
640 4415 676 4482 et
697 4413 835 4497 generis
857 4416 961 4481 Pater
983 4413 1110 4496 optime
1132 4411 1249 4478 nostri.

241 4541 306 4606 3:³5
351 4539 456 4606 Odisti
481 4540 537 4624 qui
560 4537 699 4607 delicias
721 4539 898 4608 sectantur
920 4538 1062 4606 inanes:
