3472 5360
628 545 739 594 urenn
761 543 940 596 snovunvs
1330 531 1391 596 117

72 639 76 648 ³
169 673 234 739 230
279 673 334 741 Fit
357 673 514 760 planctus
536 673 751 759 gemitusque
774 675 811 742 et
835 673 1022 741 femineum
1046 674 1245 742 lamentum.

369 799 427 864 list
449 797 606 881 Solymae
629 796 734 866 turris
755 813 843 882 quae
867 796 959 865 celsa
982 798 1141 882 exurgit,
1166 799 1202 865 et
1224 815 1325 883 agros

283 925 468 1009 Prospectu
491 922 594 1008 longo
617 921 712 989 videt
734 921 883 1007 undique
907 922 1175 992 circumstantes.

285 1046 446 1116 Ascendit
468 1066 529 1116 rex
551 1046 644 1133 ipse:
669 1046 832 1133 frequens
855 1047 1088 1134 compleverat
1110 1047 1216 1114 bostis

281 1171 390 1238 Omne
412 1169 541 1252 solum3
565 1170 729 1255 ingentes
752 1187 871 1238 currus
893 1169 1117 1255 ingentiaque
1139 1187 1245 1237 arma.

171 1297 236 1362 235
281 1296 450 1380 Ingemit,
474 1300 510 1364 et
532 1294 669 1382 quando
693 1297 849 1382 superest
871 1296 928 1362 via
951 1295 1045 1363 nulla
1067 1296 1206 1378 salutis,

283 1423 350 1489 Nos
373 1421 497 1490 bellum
518 1422 618 1490 finire
642 1421 757 1502 iubet,
781 1421 1012 1507 mandataque
1035 1422 1128 1508 pacis

281 1547 444 1634 implorat
464 1547 608 1634 supplex
630 1549 668 1615 et
689 1546 848 1614 dextram
870 1545 984 1614 tendit
1005 1546 1181 1616 inermem.

283 1675 333 1739 Ex
354 1671 412 1739 illo
435 1670 581 1756 Assyriis
604 1671 755 1756 vectigal
779 1673 878 1757 turpe
901 1673 1086 1756 quotannis

282 1794 466 1862 Solvimus:
489 1798 527 1863 at
548 1795 661 1877 cives,
683 1797 823 1881 pactum
844 1794 981 1863 crudele
1004 1795 1131 1881 perosi,

171 1919 235 1988 240
282 1918 462 1988 indecores
482 1938 519 1988 se
542 1920 631 1988 ierre
655 1921 788 2004 negant
809 1921 846 1987 et
870 1918 1009 1988 foedera
1030 1925 1215 2007 rumpunt,

283 2043 397 2130 Ignari
419 2062 507 2131 quae
530 2044 600 2112 iam
623 2043 762 2113 miseros
784 2044 923 2112 fortuna
944 2045 1115 2114 manebat.

282 2171 437 2257 Namque
459 2171 583 2238 iterum
607 2170 675 2238 ruit
697 2169 874 2255 Assyrius,
898 2169 1136 2258 Solymamque
1159 2173 1321 2241 rebellem

284 2295 442 2380 Invadit,
463 2296 621 2382 ferroque
645 2295 762 2362 iurens
782 2295 951 2363 exscindit
972 2297 1009 2364 et
1030 2297 1120 2382 igni:

284 2415 438 2503 Undique
460 2416 621 2486 disiectae
644 2417 741 2486 sedes
762 2417 995 2504 convulsaque
1018 2419 1121 2487 tecta.

175 2545 239 2612 245
282 2545 357 2612 Rex
380 2543 436 2612 ubi
458 2543 637 2630 conspexit
659 2543 780 2610 mediis
801 2543 1033 2629 penetralibus
1055 2543 1208 2630 bostem,

282 2671 393 2746 Quum
414 2669 477 2737 sibi
499 2668 704 2755 praestructi
727 2667 844 2754 elibgii
866 2687 943 2755 spes
964 2669 1060 2738 nulla
1082 2670 1240 2756 daretur,

283 2795 365 2864 Tela
386 2795 478 2882 capit
499 2796 641 2863 demens
662 2794 869 2881 inimicaque
892 2795 1001 2864 fertur
1023 2797 1059 2863 in
1082 2816 1187 2865 arma

284 2925 330 2989 At
352 2922 497 2990 trustra:
521 2938 603 2990 nam
625 2920 804 2990 mimilibus
826 2922 953 2991 circum
976 2923 1125 3011 undique
1147 2927 1264 3011 septus

282 3050 457 3133 Concidit,
480 3051 517 3118 et
538 3049 668 3117 nudum
690 3049 824 3118 deserto
846 3049 946 3117 libore
968 3069 1090 3137 corpus

174 3176 238 3242 250
282 3173 475 3266 Proiectum
497 3173 737 3259 ignotumque,
760 3171 860 3242 avido
882 3173 1084 3261 discerpitur
1107 3193 1221 3261 ungue

284 3297 512 3382 Accipitrum:
535 3295 644 3382 qualis
665 3295 825 3382 depastus
847 3295 951 3364 dente
974 3297 1124 3365 serarum

283 3426 323 3490 ln
344 3423 439 3491 silvis
470 3439 602 3508 onager
630 3421 813 3508 putrescit,
837 3425 936 3508 turpe
960 3424 1116 3491 cadaver.

282 3546 347 3614 Olli
368 3562 434 3632 nec
454 3545 544 3613 subit
565 3543 723 3631 auspiciis
744 3544 938 3616 melioribus
958 3545 1048 3615 alter

283 3673 449 3740 isacidum
470 3671 649 3757 princeps,
672 3669 731 3756 qui
753 3670 936 3755 vectigalia
958 3673 1030 3759 regi

173 3799 239 3867 255
283 3796 453 3866 Chaldaeo
475 3795 555 3864 dat:
578 3796 638 3864 sed
662 3811 793 3862 rursum
817 3798 992 3881 pertaesus
1015 3798 1115 3867 ludas

282 3922 417 3992 servitii
440 3920 545 4008 (licet
566 3918 755 3988 Anatbides
777 3937 848 3988 non
869 3922 1019 3991 creditus
1041 3941 1215 4012 unquam,

282 4051 351 4117 Ora
371 4048 431 4116 Dei
453 4047 545 4116 iuaeu
566 4046 722 4130 solvens,
746 4046 906 4132 graviora
928 4052 1108 4140 moneret)

283 4175 464 4263 Abrumpit
487 4175 685 4260 insomne,
707 4192 768 4243 suo
790 4176 879 4245 male
903 4177 1022 4247 robore
1045 4176 1140 4248 lidus.

283 4303 371 4370 Nam
393 4319 527 4370 rursum
549 4301 706 4387 Assyrius
728 4301 862 4371 furiatis
883 4303 1025 4372 advenit
1046 4306 1169 4388 armis,

173 4431 237 4498 260
282 4430 406 4499 Omnia
427 4431 609 4517 permiscet
631 4429 724 4498 luctu
747 4411 965 4518 cumulatque
988 4431 1104 4500 ruinis

283 4559 358 4625 Rex
380 4556 474 4625 videt
495 4555 582 4625 heu!
606 4559 747 4626 cunctos
769 4558 912 4626 mactari
935 4561 1017 4627 ante
1040 4577 1101 4627 ora
1124 4559 1278 4646 parentis
