<?xml version="1.0" encoding="UTF-8"?>
<!DOCTYPE html PUBLIC "-//W3C//DTD XHTML 1.0 Transitional//EN"
    "http://www.w3.org/TR/xhtml1/DTD/xhtml1-transitional.dtd">
<html xmlns="http://www.w3.org/1999/xhtml" xml:lang="en" lang="en">
 <head>
  <title>
</title>
<meta http-equiv="Content-Type" content="text/html;charset=utf-8" />
  <meta name='ocr-system' content='tesseract 3.04.00' />
  <meta name='ocr-capabilities' content='ocr_page ocr_carea ocr_par ocr_line ocrx_word'/>
</head>
<body>
  <div class='ocr_page' id='page_1' title='image "./carmina00morigoog_0405.png"; bbox 0 0 3576 5376; ppageno 0'>
   <div class='ocr_carea' id='block_1_1' title="bbox 793 575 1458 650">
    <p class='ocr_par' dir='ltr' id='par_1_1' title="bbox 793 575 1458 650">
     <span class='ocr_line' id='line_1_1' title="bbox 793 575 1458 650; baseline 0.003 -12"><span class='ocrx_word' id='word_1_1' title='bbox 793 589 907 638; x_wconf 74' lang='lat' dir='ltr'><strong>venun</strong></span> <span class='ocrx_word' id='word_1_2' title='bbox 1087 645 1091 650; x_wconf 57' lang='grc'>,</span> <span class='ocrx_word' id='word_1_3' title='bbox 1392 575 1458 642; x_wconf 82' lang='lat'><strong>397</strong></span> 
     </span>
    </p>
   </div>
   <div class='ocr_carea' id='block_1_2' title="bbox 269 709 1536 4663">
    <p class='ocr_par' dir='ltr' id='par_1_2' title="bbox 272 709 1343 1296">
     <span class='ocr_line' id='line_1_2' title="bbox 272 709 1343 799; baseline 0.002 -21"><span class='ocrx_word' id='word_1_4' title='bbox 272 712 316 778; x_wconf 88' lang='grc'><strong>55</strong></span> <span class='ocrx_word' id='word_1_5' title='bbox 361 709 612 793; x_wconf 77' lang='lat' dir='ltr'><strong>Amsanctus,</strong></span> <span class='ocrx_word' id='word_1_6' title='bbox 636 712 722 782; x_wconf 91' lang='lat' dir='ltr'><strong>ritus</strong></span> <span class='ocrx_word' id='word_1_7' title='bbox 743 713 872 781; x_wconf 85' lang='lat' dir='ltr'><strong>callens</strong></span> <span class='ocrx_word' id='word_1_8' title='bbox 894 729 1073 799; x_wconf 87' lang='lat' dir='ltr'><strong>moresque</strong></span> <span class='ocrx_word' id='word_1_9' title='bbox 1096 729 1269 782; x_wconf 87' lang='lat' dir='ltr'><strong>sacrorum</strong></span> <span class='ocrx_word' id='word_1_10' title='bbox 1295 712 1343 780; x_wconf 80' lang='lat'><strong>(⁷).</strong></span> 
     </span>
     <span class='ocr_line' id='line_1_3' title="bbox 448 836 1304 924; baseline 0.002 -20"><span class='ocrx_word' id='word_1_11' title='bbox 448 837 630 906; x_wconf 86' lang='lat' dir='ltr'><strong>Planinam</strong></span> <span class='ocrx_word' id='word_1_12' title='bbox 653 837 790 924; x_wconf 92' lang='lat' dir='ltr'><strong>quodsi</strong></span> <span class='ocrx_word' id='word_1_13' title='bbox 813 838 929 905; x_wconf 90' lang='lat' dir='ltr'><strong>lubeat</strong></span> <span class='ocrx_word' id='word_1_14' title='bbox 950 854 1149 923; x_wconf 90' lang='lat' dir='ltr'><strong>percurrere</strong></span> <span class='ocrx_word' id='word_1_15' title='bbox 1170 836 1304 920; x_wconf 90' lang='lat' dir='ltr'><strong>villam,</strong></span> 
     </span>
     <span class='ocr_line' id='line_1_4' title="bbox 360 961 1246 1050; baseline 0.005 -24"><span class='ocrx_word' id='word_1_16' title='bbox 360 961 540 1030; x_wconf 83' lang='lat' dir='ltr'><strong>Ordinibus</strong></span> <span class='ocrx_word' id='word_1_17' title='bbox 562 963 679 1050; x_wconf 88' lang='lat' dir='ltr'><strong>positis</strong></span> <span class='ocrx_word' id='word_1_18' title='bbox 700 963 781 1029; x_wconf 91' lang='lat' dir='ltr'><strong>binc</strong></span> <span class='ocrx_word' id='word_1_19' title='bbox 803 961 883 1030; x_wconf 91' lang='lat' dir='ltr'><strong>inde</strong></span> <span class='ocrx_word' id='word_1_20' title='bbox 906 961 1056 1030; x_wconf 84' lang='lat' dir='ltr'><strong>virentia</strong></span> <span class='ocrx_word' id='word_1_21' title='bbox 1078 963 1246 1047; x_wconf 79' lang='lat' dir='ltr'>praebent</span> 
     </span>
     <span class='ocr_line' id='line_1_5' title="bbox 362 1084 1161 1172; baseline 0.008 -23"><span class='ocrx_word' id='word_1_22' title='bbox 362 1084 542 1154; x_wconf 89' lang='lat' dir='ltr'><strong>Ridentem</strong></span> <span class='ocrx_word' id='word_1_23' title='bbox 565 1089 716 1172; x_wconf 91' lang='lat' dir='ltr'><strong>myrteta</strong></span> <span class='ocrx_word' id='word_1_24' title='bbox 738 1087 851 1155; x_wconf 89' lang='lat' dir='ltr'><strong>viam:</strong></span> <span class='ocrx_word' id='word_1_25' title='bbox 874 1086 902 1154; x_wconf 92' lang='lat' dir='ltr'><strong>si</strong></span> <span class='ocrx_word' id='word_1_26' title='bbox 925 1085 1073 1171; x_wconf 82' lang='lat' dir='ltr'><strong>iblgidus</strong></span> <span class='ocrx_word' id='word_1_27' title='bbox 1094 1105 1161 1155; x_wconf 84' lang='lat' dir='ltr'><strong>axe</strong></span> 
     </span>
     <span class='ocr_line' id='line_1_6' title="bbox 360 1207 1294 1296; baseline 0.004 -22"><span class='ocrx_word' id='word_1_28' title='bbox 360 1207 415 1275; x_wconf 89' lang='lat' dir='ltr'><strong>Sol</strong></span> <span class='ocrx_word' id='word_1_29' title='bbox 438 1211 540 1278; x_wconf 91' lang='lat' dir='ltr'><strong>micet</strong></span> <span class='ocrx_word' id='word_1_30' title='bbox 563 1211 719 1294; x_wconf 82' lang='lat' dir='ltr'><strong>ardenti,</strong></span> <span class='ocrx_word' id='word_1_31' title='bbox 742 1211 867 1296; x_wconf 86' lang='lat' dir='ltr'><strong>patulis</strong></span> <span class='ocrx_word' id='word_1_32' title='bbox 888 1213 991 1296; x_wconf 89' lang='lat' dir='ltr'><strong>caput</strong></span> <span class='ocrx_word' id='word_1_33' title='bbox 1013 1209 1144 1296; x_wconf 79' lang='lat' dir='ltr'><strong>obtegit</strong></span> <span class='ocrx_word' id='word_1_34' title='bbox 1167 1212 1294 1279; x_wconf 91' lang='lat' dir='ltr'><strong>umbris</strong></span> 
     </span>
    </p>

    <p class='ocr_par' dir='ltr' id='par_1_3' title="bbox 273 1331 1239 1422">
     <span class='ocr_line' id='line_1_7' title="bbox 273 1331 1239 1422; baseline 0.005 -26"><span class='ocrx_word' id='word_1_35' title='bbox 273 1331 316 1396; x_wconf 89' lang='lat'><strong>60</strong></span> <span class='ocrx_word' id='word_1_36' title='bbox 361 1333 469 1402; x_wconf 90' lang='lat' dir='ltr'><strong>Multa</strong></span> <span class='ocrx_word' id='word_1_37' title='bbox 490 1338 589 1403; x_wconf 86' lang='lat' dir='ltr'><strong>arbos</strong></span> <span class='ocrx_word' id='word_1_38' title='bbox 611 1335 704 1422; x_wconf 83' lang='lat' dir='ltr'><strong>longi</strong></span> <span class='ocrx_word' id='word_1_39' title='bbox 726 1336 926 1422; x_wconf 83' lang='lat' dir='ltr'><strong>digestaque</strong></span> <span class='ocrx_word' id='word_1_40' title='bbox 951 1336 1089 1404; x_wconf 80' lang='lat' dir='ltr'><strong>fornicis</strong></span> <span class='ocrx_word' id='word_1_41' title='bbox 1109 1337 1239 1403; x_wconf 86' lang='lat' dir='ltr'><strong>instar:</strong></span> 
     </span>
    </p>

    <p class='ocr_par' dir='ltr' id='par_1_4' title="bbox 359 1458 1334 1918">
     <span class='ocr_line' id='line_1_8' title="bbox 360 1458 1306 1547; baseline 0.005 -24"><span class='ocrx_word' id='word_1_42' title='bbox 360 1458 421 1523; x_wconf 90' lang='lat' dir='ltr'><strong>Hic</strong></span> <span class='ocrx_word' id='word_1_43' title='bbox 446 1478 600 1546; x_wconf 90' lang='lat' dir='ltr'><strong>quoque,</strong></span> <span class='ocrx_word' id='word_1_44' title='bbox 623 1460 651 1528; x_wconf 89' lang='lat' dir='ltr'><strong>si</strong></span> <span class='ocrx_word' id='word_1_45' title='bbox 675 1460 831 1547; x_wconf 85' lang='lat' dir='ltr'><strong>placeat,</strong></span> <span class='ocrx_word' id='word_1_46' title='bbox 854 1459 989 1528; x_wconf 88' lang='lat' dir='ltr'><strong>dabitur</strong></span> <span class='ocrx_word' id='word_1_47' title='bbox 1011 1460 1186 1530; x_wconf 87' lang='lat' dir='ltr'><strong>considere</strong></span> <span class='ocrx_word' id='word_1_48' title='bbox 1210 1460 1306 1529; x_wconf 84' lang='lat' dir='ltr'><strong>sesso.</strong></span> 
     </span>
     <span class='ocr_line' id='line_1_9' title="bbox 360 1581 1334 1669; baseline 0.003 -21"><span class='ocrx_word' id='word_1_49' title='bbox 360 1581 423 1648; x_wconf 86' lang='lat' dir='ltr'><strong>Sed</strong></span> <span class='ocrx_word' id='word_1_50' title='bbox 448 1601 547 1668; x_wconf 82' lang='lat' dir='ltr'><strong>mage</strong></span> <span class='ocrx_word' id='word_1_51' title='bbox 569 1587 671 1669; x_wconf 84' lang='lat' dir='ltr'><strong>grata</strong></span> <span class='ocrx_word' id='word_1_52' title='bbox 695 1583 784 1652; x_wconf 84' lang='lat' dir='ltr'><strong>soret</strong></span> <span class='ocrx_word' id='word_1_53' title='bbox 806 1587 921 1652; x_wconf 92' lang='lat' dir='ltr'><strong>tecum</strong></span> <span class='ocrx_word' id='word_1_54' title='bbox 944 1601 1023 1652; x_wconf 93' lang='lat' dir='ltr'><strong>mea</strong></span> <span class='ocrx_word' id='word_1_55' title='bbox 1044 1583 1183 1668; x_wconf 88' lang='lat' dir='ltr'><strong>villula,</strong></span> <span class='ocrx_word' id='word_1_56' title='bbox 1207 1587 1334 1653; x_wconf 83' lang='lat' dir='ltr'><strong>Frater.</strong></span> 
     </span>
     <span class='ocr_line' id='line_1_10' title="bbox 359 1705 1281 1794; baseline 0.005 -24"><span class='ocrx_word' id='word_1_57' title='bbox 359 1705 391 1771; x_wconf 87' lang='lat' dir='ltr'><strong>Si</strong></span> <span class='ocrx_word' id='word_1_58' title='bbox 415 1711 536 1790; x_wconf 88' lang='lat' dir='ltr'><strong>vacat,</strong></span> <span class='ocrx_word' id='word_1_59' title='bbox 560 1711 597 1775; x_wconf 90' lang='lat' dir='ltr'><strong>et</strong></span> <span class='ocrx_word' id='word_1_60' title='bbox 619 1725 782 1794; x_wconf 83' lang='lat' dir='ltr'><strong>magnam</strong></span> <span class='ocrx_word' id='word_1_61' title='bbox 805 1710 840 1776; x_wconf 91' lang='lat' dir='ltr'><strong>te</strong></span> <span class='ocrx_word' id='word_1_62' title='bbox 864 1709 951 1777; x_wconf 84' lang='lat' dir='ltr'><strong>forte</strong></span> <span class='ocrx_word' id='word_1_63' title='bbox 974 1709 1116 1793; x_wconf 83' lang='lat' dir='ltr'><strong>negotia</strong></span> <span class='ocrx_word' id='word_1_64' title='bbox 1137 1710 1281 1777; x_wconf 83' lang='lat' dir='ltr'><strong>Romam</strong></span> 
     </span>
     <span class='ocr_line' id='line_1_11' title="bbox 360 1829 1324 1918; baseline 0.002 -23"><span class='ocrx_word' id='word_1_65' title='bbox 360 1829 553 1898; x_wconf 88' lang='lat' dir='ltr'><strong>Deseruisse</strong></span> <span class='ocrx_word' id='word_1_66' title='bbox 575 1832 713 1912; x_wconf 92' lang='lat' dir='ltr'><strong>sinunt,</strong></span> <span class='ocrx_word' id='word_1_67' title='bbox 739 1851 863 1918; x_wconf 83' lang='lat' dir='ltr'><strong>pergas</strong></span> <span class='ocrx_word' id='word_1_68' title='bbox 884 1833 951 1900; x_wconf 91' lang='lat' dir='ltr'><strong>buc</strong></span> <span class='ocrx_word' id='word_1_69' title='bbox 972 1851 1098 1918; x_wconf 88' lang='lat' dir='ltr'><strong>quaeso</strong></span> <span class='ocrx_word' id='word_1_70' title='bbox 1120 1851 1324 1918; x_wconf 86' lang='lat' dir='ltr'><strong>parumper:</strong></span> 
     </span>
    </p>

    <p class='ocr_par' dir='ltr' id='par_1_5' title="bbox 271 1953 1327 2541">
     <span class='ocr_line' id='line_1_12' title="bbox 271 1953 1304 2041; baseline 0.004 -23"><span class='ocrx_word' id='word_1_71' title='bbox 271 1953 315 2018; x_wconf 90' lang='lat'><strong>65</strong></span> <span class='ocrx_word' id='word_1_72' title='bbox 358 1955 410 2020; x_wconf 90' lang='lat' dir='ltr'><strong>Oh</strong></span> <span class='ocrx_word' id='word_1_73' title='bbox 433 1974 534 2041; x_wconf 90' lang='lat' dir='ltr'><strong>quam</strong></span> <span class='ocrx_word' id='word_1_74' title='bbox 556 1959 595 2023; x_wconf 92' lang='lat' dir='ltr'><strong>tu</strong></span> <span class='ocrx_word' id='word_1_75' title='bbox 617 1957 761 2024; x_wconf 89' lang='lat' dir='ltr'><strong>veniens</strong></span> <span class='ocrx_word' id='word_1_76' title='bbox 783 1957 935 2026; x_wconf 86' lang='lat' dir='ltr'><strong>animum</strong></span> <span class='ocrx_word' id='word_1_77' title='bbox 958 1956 1121 2026; x_wconf 87' lang='lat' dir='ltr'><strong>solaberis</strong></span> <span class='ocrx_word' id='word_1_78' title='bbox 1141 1955 1304 2041; x_wconf 81' lang='lat' dir='ltr'><strong>aegrum!</strong></span> 
     </span>
     <span class='ocr_line' id='line_1_13' title="bbox 359 2079 1327 2166; baseline 0.003 -21"><span class='ocrx_word' id='word_1_79' title='bbox 359 2081 523 2149; x_wconf 84' lang='lat' dir='ltr'><strong>Attamen</strong></span> <span class='ocrx_word' id='word_1_80' title='bbox 545 2079 636 2148; x_wconf 90' lang='lat' dir='ltr'><strong>baud</strong></span> <span class='ocrx_word' id='word_1_81' title='bbox 659 2080 765 2150; x_wconf 89' lang='lat' dir='ltr'><strong>doctis</strong></span> <span class='ocrx_word' id='word_1_82' title='bbox 788 2081 881 2150; x_wconf 83' lang='lat' dir='ltr'><strong>furor</strong></span> <span class='ocrx_word' id='word_1_83' title='bbox 903 2100 981 2150; x_wconf 92' lang='lat' dir='ltr'><strong>mea</strong></span> <span class='ocrx_word' id='word_1_84' title='bbox 1003 2083 1158 2166; x_wconf 86' lang='lat' dir='ltr'><strong>tempora</strong></span> <span class='ocrx_word' id='word_1_85' title='bbox 1181 2079 1327 2163; x_wconf 76' lang='lat' dir='ltr'><strong>charus,</strong></span> 
     </span>
     <span class='ocr_line' id='line_1_14' title="bbox 361 2204 1295 2290; baseline 0 -20"><span class='ocrx_word' id='word_1_86' title='bbox 361 2204 460 2271; x_wconf 92' lang='lat' dir='ltr'><strong>Nunc</strong></span> <span class='ocrx_word' id='word_1_87' title='bbox 482 2205 613 2272; x_wconf 86' lang='lat' dir='ltr'><strong>levibus</strong></span> <span class='ocrx_word' id='word_1_88' title='bbox 634 2223 751 2273; x_wconf 86' lang='lat' dir='ltr'><strong>versor</strong></span> <span class='ocrx_word' id='word_1_89' title='bbox 772 2205 912 2290; x_wconf 88' lang='lat' dir='ltr'><strong>studiis,</strong></span> <span class='ocrx_word' id='word_1_90' title='bbox 935 2223 1029 2273; x_wconf 87' lang='lat' dir='ltr'><strong>nunc</strong></span> <span class='ocrx_word' id='word_1_91' title='bbox 1050 2205 1141 2274; x_wconf 85' lang='lat' dir='ltr'><strong>seria</strong></span> <span class='ocrx_word' id='word_1_92' title='bbox 1163 2206 1295 2272; x_wconf 76' lang='lat' dir='ltr'><strong>naeu:</strong></span> 
     </span>
     <span class='ocr_line' id='line_1_15' title="bbox 361 2328 1319 2416; baseline 0 -21"><span class='ocrx_word' id='word_1_93' title='bbox 361 2328 448 2396; x_wconf 91' lang='lat' dir='ltr'><strong>Nam</strong></span> <span class='ocrx_word' id='word_1_94' title='bbox 470 2331 669 2398; x_wconf 86' lang='lat' dir='ltr'><strong>veneranda</strong></span> <span class='ocrx_word' id='word_1_95' title='bbox 691 2348 797 2398; x_wconf 91' lang='lat' dir='ltr'><strong>manu</strong></span> <span class='ocrx_word' id='word_1_96' title='bbox 819 2348 982 2416; x_wconf 88' lang='lat' dir='ltr'><strong>persaepe</strong></span> <span class='ocrx_word' id='word_1_97' title='bbox 1005 2329 1179 2398; x_wconf 88' lang='lat' dir='ltr'><strong>volumina</strong></span> <span class='ocrx_word' id='word_1_98' title='bbox 1200 2347 1319 2409; x_wconf 88' lang='lat' dir='ltr'><strong>verso,</strong></span> 
     </span>
     <span class='ocr_line' id='line_1_16' title="bbox 361 2452 1292 2541; baseline -0.011 -13"><span class='ocrx_word' id='word_1_99' title='bbox 361 2453 455 2528; x_wconf 87' lang='lat' dir='ltr'><strong>Quae</strong></span> <span class='ocrx_word' id='word_1_100' title='bbox 476 2455 565 2522; x_wconf 89' lang='lat' dir='ltr'><strong>Deus</strong></span> <span class='ocrx_word' id='word_1_101' title='bbox 586 2455 753 2540; x_wconf 88' lang='lat' dir='ltr'><strong>inspirat,</strong></span> <span class='ocrx_word' id='word_1_102' title='bbox 776 2455 833 2524; x_wconf 89' lang='lat' dir='ltr'><strong>vel</strong></span> <span class='ocrx_word' id='word_1_103' title='bbox 855 2473 942 2541; x_wconf 89' lang='lat' dir='ltr'><strong>quae</strong></span> <span class='ocrx_word' id='word_1_104' title='bbox 965 2452 1153 2523; x_wconf 80' lang='lat' dir='ltr'><strong>clarissima</strong></span> <span class='ocrx_word' id='word_1_105' title='bbox 1173 2452 1292 2519; x_wconf 90' lang='lat' dir='ltr'><strong>mundi</strong></span> 
     </span>
    </p>

    <p class='ocr_par' dir='ltr' id='par_1_6' title="bbox 273 2577 1212 2664">
     <span class='ocr_line' id='line_1_17' title="bbox 273 2577 1212 2664; baseline 0.004 -24"><span class='ocrx_word' id='word_1_106' title='bbox 273 2577 316 2642; x_wconf 82' lang='lat'><strong>70</strong></span> <span class='ocrx_word' id='word_1_107' title='bbox 360 2578 525 2661; x_wconf 87' lang='lat' dir='ltr'><strong>Lumina,</strong></span> <span class='ocrx_word' id='word_1_108' title='bbox 549 2578 703 2648; x_wconf 86' lang='lat' dir='ltr'><strong>doctores</strong></span> <span class='ocrx_word' id='word_1_109' title='bbox 724 2578 812 2664; x_wconf 84' lang='lat' dir='ltr'><strong>graii</strong></span> <span class='ocrx_word' id='word_1_110' title='bbox 833 2581 895 2647; x_wconf 93' lang='lat' dir='ltr'><strong>aut</strong></span> <span class='ocrx_word' id='word_1_111' title='bbox 916 2578 1081 2664; x_wconf 86' lang='lat' dir='ltr'><strong>scripsere</strong></span> <span class='ocrx_word' id='word_1_112' title='bbox 1103 2577 1212 2645; x_wconf 92' lang='lat' dir='ltr'><strong>latini.</strong></span> 
     </span>
    </p>

    <p class='ocr_par' dir='ltr' id='par_1_7' title="bbox 359 2701 1235 2773">
     <span class='ocr_line' id='line_1_18' title="bbox 359 2701 1235 2773; baseline -0.002 -3"><span class='ocrx_word' id='word_1_113' title='bbox 359 2703 476 2771; x_wconf 90' lang='lat' dir='ltr'><strong>Mente</strong></span> <span class='ocrx_word' id='word_1_114' title='bbox 498 2704 603 2772; x_wconf 87' lang='lat' dir='ltr'><strong>etiam</strong></span> <span class='ocrx_word' id='word_1_115' title='bbox 626 2705 738 2773; x_wconf 89' lang='lat' dir='ltr'><strong>recolo</strong></span> <span class='ocrx_word' id='word_1_116' title='bbox 760 2704 887 2771; x_wconf 92' lang='lat' dir='ltr'><strong>dudum</strong></span> <span class='ocrx_word' id='word_1_117' title='bbox 909 2703 1112 2771; x_wconf 89' lang='lat' dir='ltr'><strong>iuvenilibus</strong></span> <span class='ocrx_word' id='word_1_118' title='bbox 1132 2701 1235 2769; x_wconf 90' lang='lat' dir='ltr'><strong>annis</strong></span> 
     </span>
    </p>

    <p class='ocr_par' dir='ltr' id='par_1_8' title="bbox 360 2827 1327 2910">
     <span class='ocr_line' id='line_1_19' title="bbox 360 2827 1327 2910; baseline -0.002 -15"><span class='ocrx_word' id='word_1_119' title='bbox 360 2829 454 2904; x_wconf 85' lang='lat' dir='ltr'><strong>Quae</strong></span> <span class='ocrx_word' id='word_1_120' title='bbox 476 2827 559 2894; x_wconf 92' lang='lat' dir='ltr'><strong>mihi</strong></span> <span class='ocrx_word' id='word_1_121' title='bbox 582 2827 723 2897; x_wconf 84' lang='lat' dir='ltr'><strong>deliciae</strong></span> <span class='ocrx_word' id='word_1_122' title='bbox 747 2827 887 2897; x_wconf 85' lang='lat' dir='ltr'><strong>luerunt</strong></span> <span class='ocrx_word' id='word_1_123' title='bbox 908 2833 969 2896; x_wconf 91' lang='lat' dir='ltr'><strong>tua</strong></span> <span class='ocrx_word' id='word_1_124' title='bbox 992 2828 1166 2910; x_wconf 87' lang='lat' dir='ltr'><strong>carmina,</strong></span> <span class='ocrx_word' id='word_1_125' title='bbox 1189 2827 1327 2906; x_wconf 84' lang='lat' dir='ltr'><strong>Flacco,</strong></span> 
     </span>
    </p>

    <p class='ocr_par' dir='ltr' id='par_1_9' title="bbox 358 2952 1404 3165">
     <span class='ocr_line' id='line_1_20' title="bbox 358 2952 1330 3039; baseline -0.001 -20"><span class='ocrx_word' id='word_1_126' title='bbox 358 2953 423 3020; x_wconf 91' lang='lat' dir='ltr'><strong>Vel</strong></span> <span class='ocrx_word' id='word_1_127' title='bbox 449 2957 527 3037; x_wconf 88' lang='lat' dir='ltr'><strong>tua,</strong></span> <span class='ocrx_word' id='word_1_128' title='bbox 549 2954 649 3024; x_wconf 87' lang='lat' dir='ltr'><strong>docte</strong></span> <span class='ocrx_word' id='word_1_129' title='bbox 671 2955 786 3036; x_wconf 85' lang='lat' dir='ltr'><strong>Maro,</strong></span> <span class='ocrx_word' id='word_1_130' title='bbox 810 2952 894 3020; x_wconf 89' lang='lat' dir='ltr'><strong>mihi</strong></span> <span class='ocrx_word' id='word_1_131' title='bbox 916 2971 982 3039; x_wconf 91' lang='lat' dir='ltr'><strong>quo</strong></span> <span class='ocrx_word' id='word_1_132' title='bbox 1005 2971 1076 3020; x_wconf 92' lang='lat' dir='ltr'><strong>non</strong></span> <span class='ocrx_word' id='word_1_133' title='bbox 1098 2952 1211 3020; x_wconf 86' lang='lat' dir='ltr'><strong>carior</strong></span> <span class='ocrx_word' id='word_1_134' title='bbox 1232 2952 1330 3019; x_wconf 90' lang='lat' dir='ltr'><strong>alter.</strong></span> 
     </span>
     <span class='ocr_line' id='line_1_21' title="bbox 445 3076 1404 3165; baseline -0.002 -20"><span class='ocrx_word' id='word_1_135' title='bbox 445 3079 506 3146; x_wconf 90' lang='lat' dir='ltr'><strong>His</strong></span> <span class='ocrx_word' id='word_1_136' title='bbox 529 3077 673 3165; x_wconf 91' lang='lat' dir='ltr'><strong>quodam</strong></span> <span class='ocrx_word' id='word_1_137' title='bbox 696 3079 768 3164; x_wconf 90' lang='lat' dir='ltr'><strong>ipsc</strong></span> <span class='ocrx_word' id='word_1_138' title='bbox 791 3077 846 3145; x_wconf 89' lang='lat' dir='ltr'><strong>dic</strong></span> <span class='ocrx_word' id='word_1_139' title='bbox 868 3076 987 3144; x_wconf 88' lang='lat' dir='ltr'><strong>studiis</strong></span> <span class='ocrx_word' id='word_1_140' title='bbox 1009 3077 1089 3145; x_wconf 92' lang='lat' dir='ltr'><strong>dum</strong></span> <span class='ocrx_word' id='word_1_141' title='bbox 1113 3076 1200 3145; x_wconf 84' lang='lat' dir='ltr'><strong>sorte</strong></span> <span class='ocrx_word' id='word_1_142' title='bbox 1224 3093 1404 3160; x_wconf 88' lang='lat' dir='ltr'><strong>vacarem,</strong></span> 
     </span>
    </p>

    <p class='ocr_par' dir='ltr' id='par_1_10' title="bbox 270 3201 1536 3790">
     <span class='ocr_line' id='line_1_22' title="bbox 270 3201 1340 3289; baseline 0.004 -24"><span class='ocrx_word' id='word_1_143' title='bbox 270 3202 314 3266; x_wconf 83' lang='lat'><strong>75</strong></span> <span class='ocrx_word' id='word_1_144' title='bbox 358 3202 522 3289; x_wconf 82' lang='lat' dir='ltr'><strong>Tempore</strong></span> <span class='ocrx_word' id='word_1_145' title='bbox 545 3205 584 3271; x_wconf 90' lang='lat' dir='ltr'><strong>ut</strong></span> <span class='ocrx_word' id='word_1_146' title='bbox 605 3203 736 3271; x_wconf 88' lang='lat' dir='ltr'><strong>aestivo</strong></span> <span class='ocrx_word' id='word_1_147' title='bbox 758 3201 867 3284; x_wconf 88' lang='lat' dir='ltr'><strong>solet,</strong></span> <span class='ocrx_word' id='word_1_148' title='bbox 891 3220 937 3270; x_wconf 90' lang='lat' dir='ltr'><strong>en</strong></span> <span class='ocrx_word' id='word_1_149' title='bbox 959 3202 1056 3286; x_wconf 88' lang='lat' dir='ltr'><strong>polus</strong></span> <span class='ocrx_word' id='word_1_150' title='bbox 1078 3201 1209 3268; x_wconf 90' lang='lat' dir='ltr'><strong>horruit</strong></span> <span class='ocrx_word' id='word_1_151' title='bbox 1232 3201 1340 3269; x_wconf 90' lang='lat' dir='ltr'><strong>imbre</strong></span> 
     </span>
     <span class='ocr_line' id='line_1_23' title="bbox 361 3325 1536 3414; baseline 0.005 -22"><span class='ocrx_word' id='word_1_152' title='bbox 361 3327 633 3414; x_wconf 81' lang='lat' dir='ltr'><strong>Praecipitesque</strong></span> <span class='ocrx_word' id='word_1_153' title='bbox 656 3329 761 3394; x_wconf 88' lang='lat' dir='ltr'><strong>ruunt</strong></span> <span class='ocrx_word' id='word_1_154' title='bbox 783 3325 939 3412; x_wconf 88' lang='lat' dir='ltr'><strong>pluviae;</strong></span> <span class='ocrx_word' id='word_1_155' title='bbox 962 3343 1072 3411; x_wconf 81' lang='lat' dir='ltr'><strong>genus</strong></span> <span class='ocrx_word' id='word_1_156' title='bbox 1094 3344 1195 3394; x_wconf 90' lang='lat' dir='ltr'><strong>omne</strong></span> <span class='ocrx_word' id='word_1_157' title='bbox 1219 3326 1393 3394; x_wconf 89' lang='lat' dir='ltr'><strong>volucrum</strong></span> <span class='ocrx_word' id='word_1_158' title='bbox 1533 3391 1536 3398; x_wconf 89' lang='lat'>.</span> 
     </span>
     <span class='ocr_line' id='line_1_24' title="bbox 361 3450 1256 3538; baseline 0.002 -22"><span class='ocrx_word' id='word_1_159' title='bbox 361 3450 499 3536; x_wconf 80' lang='lat' dir='ltr'><strong>Diffugit</strong></span> <span class='ocrx_word' id='word_1_160' title='bbox 521 3453 726 3538; x_wconf 86' lang='lat' dir='ltr'><strong>expavidum</strong></span> <span class='ocrx_word' id='word_1_161' title='bbox 748 3469 853 3538; x_wconf 83' lang='lat' dir='ltr'><strong>seque</strong></span> <span class='ocrx_word' id='word_1_162' title='bbox 875 3452 967 3519; x_wconf 90' lang='lat' dir='ltr'><strong>inter</strong></span> <span class='ocrx_word' id='word_1_163' title='bbox 989 3454 1082 3519; x_wconf 90' lang='lat' dir='ltr'><strong>tecta</strong></span> <span class='ocrx_word' id='word_1_164' title='bbox 1104 3452 1256 3520; x_wconf 90' lang='lat' dir='ltr'><strong>reducit:</strong></span> 
     </span>
     <span class='ocr_line' id='line_1_25' title="bbox 359 3577 1269 3648; baseline 0.001 -6"><span class='ocrx_word' id='word_1_165' title='bbox 359 3579 453 3643; x_wconf 80' lang='lat' dir='ltr'><strong>Tunc</strong></span> <span class='ocrx_word' id='word_1_166' title='bbox 477 3577 668 3645; x_wconf 78' lang='lat' dir='ltr'><strong>madefacta</strong></span> <span class='ocrx_word' id='word_1_167' title='bbox 692 3595 790 3646; x_wconf 89' lang='lat' dir='ltr'><strong>meae</strong></span> <span class='ocrx_word' id='word_1_168' title='bbox 814 3577 921 3648; x_wconf 87' lang='lat' dir='ltr'><strong>cellae</strong></span> <span class='ocrx_word' id='word_1_169' title='bbox 942 3578 1093 3646; x_wconf 91' lang='lat' dir='ltr'><strong>succedit</strong></span> <span class='ocrx_word' id='word_1_170' title='bbox 1114 3577 1269 3644; x_wconf 90' lang='lat' dir='ltr'><strong>hirundo.</strong></span> 
     </span>
     <span class='ocr_line' id='line_1_26' title="bbox 359 3702 1290 3790; baseline 0.001 -23"><span class='ocrx_word' id='word_1_171' title='bbox 359 3703 495 3786; x_wconf 75' lang='lat' dir='ltr'><strong>langor</strong></span> <span class='ocrx_word' id='word_1_172' title='bbox 515 3704 589 3769; x_wconf 89' lang='lat' dir='ltr'><strong>avis</strong></span> <span class='ocrx_word' id='word_1_173' title='bbox 611 3721 692 3770; x_wconf 89' lang='lat' dir='ltr'><strong>casu</strong></span> <span class='ocrx_word' id='word_1_174' title='bbox 714 3703 890 3790; x_wconf 88' lang='lat' dir='ltr'><strong>trepidae,</strong></span> <span class='ocrx_word' id='word_1_175' title='bbox 917 3720 1102 3790; x_wconf 87' lang='lat' dir='ltr'><strong>pannoque</strong></span> <span class='ocrx_word' id='word_1_176' title='bbox 1123 3702 1290 3770; x_wconf 89' lang='lat' dir='ltr'><strong>misellam</strong></span> 
     </span>
    </p>

    <p class='ocr_par' dir='ltr' id='par_1_11' title="bbox 272 3825 1179 4019">
     <span class='ocr_line' id='line_1_27' title="bbox 272 3825 1179 3914; baseline 0.006 -23"><span class='ocrx_word' id='word_1_177' title='bbox 272 3826 315 3891; x_wconf 89' lang='lat'><strong>80</strong></span> <span class='ocrx_word' id='word_1_178' title='bbox 360 3825 499 3894; x_wconf 82' lang='lat' dir='ltr'><strong>Exsicco</strong></span> <span class='ocrx_word' id='word_1_179' title='bbox 523 3827 706 3914; x_wconf 81' lang='lat' dir='ltr'><strong>loueoque,</strong></span> <span class='ocrx_word' id='word_1_180' title='bbox 729 3827 819 3895; x_wconf 86' lang='lat' dir='ltr'><strong>redit</strong></span> <span class='ocrx_word' id='word_1_181' title='bbox 842 3832 925 3897; x_wconf 92' lang='lat' dir='ltr'><strong>tunc</strong></span> <span class='ocrx_word' id='word_1_182' title='bbox 947 3828 1020 3895; x_wconf 89' lang='lat' dir='ltr'><strong>vita</strong></span> <span class='ocrx_word' id='word_1_183' title='bbox 1041 3826 1179 3912; x_wconf 85' lang='lat' dir='ltr'><strong>rigenti.</strong></span> 
     </span>
     <span class='ocr_line' id='line_1_28' title="bbox 360 3951 1168 4019; baseline 0.001 -3"><span class='ocrx_word' id='word_1_184' title='bbox 360 3951 499 4018; x_wconf 90' lang='lat' dir='ltr'><strong>Interea</strong></span> <span class='ocrx_word' id='word_1_185' title='bbox 519 3969 589 4018; x_wconf 84' lang='lat' dir='ltr'><strong>nox</strong></span> <span class='ocrx_word' id='word_1_186' title='bbox 610 3953 688 4019; x_wconf 87' lang='lat' dir='ltr'><strong>atra</strong></span> <span class='ocrx_word' id='word_1_187' title='bbox 709 3969 787 4019; x_wconf 89' lang='lat' dir='ltr'><strong>suas</strong></span> <span class='ocrx_word' id='word_1_188' title='bbox 808 3951 991 4018; x_wconf 82' lang='lat' dir='ltr'><strong>dillbderat</strong></span> <span class='ocrx_word' id='word_1_189' title='bbox 1010 3952 1168 4018; x_wconf 88' lang='lat' dir='ltr'><strong>umbras:</strong></span> 
     </span>
    </p>

    <p class='ocr_par' dir='ltr' id='par_1_12' title="bbox 357 4075 1327 4410">
     <span class='ocr_line' id='line_1_29' title="bbox 357 4075 1235 4163; baseline 0.002 -21"><span class='ocrx_word' id='word_1_190' title='bbox 357 4075 420 4144; x_wconf 87' lang='lat' dir='ltr'><strong>Illa</strong></span> <span class='ocrx_word' id='word_1_191' title='bbox 442 4077 545 4145; x_wconf 88' lang='lat' dir='ltr'><strong>cubat</strong></span> <span class='ocrx_word' id='word_1_192' title='bbox 565 4075 720 4161; x_wconf 80' lang='lat' dir='ltr'><strong>defessa,</strong></span> <span class='ocrx_word' id='word_1_193' title='bbox 743 4093 808 4144; x_wconf 89' lang='lat' dir='ltr'><strong>nec</strong></span> <span class='ocrx_word' id='word_1_194' title='bbox 830 4077 902 4163; x_wconf 89' lang='lat' dir='ltr'><strong>ipse</strong></span> <span class='ocrx_word' id='word_1_195' title='bbox 927 4077 1041 4163; x_wconf 90' lang='lat' dir='ltr'><strong>quiete</strong></span> <span class='ocrx_word' id='word_1_196' title='bbox 1064 4077 1235 4144; x_wconf 89' lang='lat' dir='ltr'><strong>iacentem</strong></span> 
     </span>
     <span class='ocr_line' id='line_1_30' title="bbox 359 4200 1256 4287; baseline 0.002 -21"><span class='ocrx_word' id='word_1_197' title='bbox 359 4201 501 4268; x_wconf 84' lang='lat' dir='ltr'><strong>Excutio</strong></span> <span class='ocrx_word' id='word_1_198' title='bbox 523 4204 631 4269; x_wconf 80' lang='lat' dir='ltr'><strong>totam</strong></span> <span class='ocrx_word' id='word_1_199' title='bbox 653 4202 895 4286; x_wconf 90' lang='lat' dir='ltr'><strong>pernoctem,</strong></span> <span class='ocrx_word' id='word_1_200' title='bbox 919 4218 1064 4287; x_wconf 88' lang='lat' dir='ltr'><strong>cumque</strong></span> <span class='ocrx_word' id='word_1_201' title='bbox 1087 4200 1256 4268; x_wconf 85' lang='lat' dir='ltr'><strong>fenestras</strong></span> 
     </span>
     <span class='ocr_line' id='line_1_31' title="bbox 357 4324 1327 4410; baseline 0.001 -18"><span class='ocrx_word' id='word_1_202' title='bbox 357 4327 469 4393; x_wconf 89' lang='lat' dir='ltr'><strong>Intrat</strong></span> <span class='ocrx_word' id='word_1_203' title='bbox 491 4343 592 4393; x_wconf 87' lang='lat' dir='ltr'><strong>mane</strong></span> <span class='ocrx_word' id='word_1_204' title='bbox 615 4344 765 4410; x_wconf 90' lang='lat' dir='ltr'><strong>novum,</strong></span> <span class='ocrx_word' id='word_1_205' title='bbox 788 4327 904 4394; x_wconf 87' lang='lat' dir='ltr'><strong>sedem</strong></span> <span class='ocrx_word' id='word_1_206' title='bbox 926 4324 1148 4394; x_wconf 84' lang='lat' dir='ltr'><strong>circumvolat</strong></span> <span class='ocrx_word' id='word_1_207' title='bbox 1168 4343 1327 4408; x_wconf 87' lang='lat' dir='ltr'><strong>omnem,</strong></span> 
     </span>
    </p>

    <p class='ocr_par' dir='ltr' id='par_1_13' title="bbox 269 4450 1263 4539">
     <span class='ocr_line' id='line_1_32' title="bbox 269 4450 1263 4539; baseline 0 -20"><span class='ocrx_word' id='word_1_208' title='bbox 269 4453 313 4520; x_wconf 91' lang='lat'><strong>85</strong></span> <span class='ocrx_word' id='word_1_209' title='bbox 357 4451 501 4539; x_wconf 88' lang='lat' dir='ltr'><strong>Pipilat‚</strong></span> <span class='ocrx_word' id='word_1_210' title='bbox 524 4455 561 4522; x_wconf 86' lang='lat' dir='ltr'><strong>ct</strong></span> <span class='ocrx_word' id='word_1_211' title='bbox 582 4453 685 4538; x_wconf 89' lang='lat' dir='ltr'><strong>capiti</strong></span> <span class='ocrx_word' id='word_1_212' title='bbox 711 4455 825 4520; x_wconf 88' lang='lat' dir='ltr'><strong>nostro</strong></span> <span class='ocrx_word' id='word_1_213' title='bbox 848 4469 942 4519; x_wconf 90' lang='lat' dir='ltr'><strong>nunc</strong></span> <span class='ocrx_word' id='word_1_214' title='bbox 966 4450 1090 4519; x_wconf 88' lang='lat' dir='ltr'><strong>insidet</strong></span> <span class='ocrx_word' id='word_1_215' title='bbox 1111 4452 1149 4517; x_wconf 96' lang='lat' dir='ltr'><strong>et</strong></span> <span class='ocrx_word' id='word_1_216' title='bbox 1170 4468 1263 4519; x_wconf 92' lang='lat' dir='ltr'><strong>nunc</strong></span> 
     </span>
    </p>

    <p class='ocr_par' dir='ltr' id='par_1_14' title="bbox 356 4576 1318 4663">
     <span class='ocr_line' id='line_1_33' title="bbox 356 4576 1318 4663; baseline 0.002 -19"><span class='ocrx_word' id='word_1_217' title='bbox 356 4578 463 4646; x_wconf 86' lang='lat' dir='ltr'><strong>Laeta</strong></span> <span class='ocrx_word' id='word_1_218' title='bbox 486 4577 655 4661; x_wconf 90' lang='lat' dir='ltr'><strong>humeris,</strong></span> <span class='ocrx_word' id='word_1_219' title='bbox 678 4579 855 4663; x_wconf 87' lang='lat' dir='ltr'><strong>certatque</strong></span> <span class='ocrx_word' id='word_1_220' title='bbox 878 4593 957 4644; x_wconf 84' lang='lat' dir='ltr'><strong>suas</strong></span> <span class='ocrx_word' id='word_1_221' title='bbox 978 4593 1179 4662; x_wconf 86' lang='lat' dir='ltr'><strong>expromere</strong></span> <span class='ocrx_word' id='word_1_222' title='bbox 1201 4576 1318 4660; x_wconf 78' lang='lat' dir='ltr'><strong>grates</strong></span> 
     </span>
    </p>
   </div>
   <div class='ocr_carea' id='block_1_3' title="bbox 0 0 1792 5376">
    <p class='ocr_par' dir='ltr' id='par_1_15' title="bbox 0 0 1792 5376">
     <span class='ocr_line' id='line_1_34' title="bbox 0 0 1792 5376; baseline 0 0"><span class='ocrx_word' id='word_1_223' title='bbox 0 0 1792 5376; x_wconf 95' lang='lat' dir='ltr'><strong> </strong></span> 
     </span>
    </p>
   </div>
  </div>
 </body>
</html>
