3576 5376
360 513 426 579 320
640 529 724 579 rrnn
741 527 945 582 cavemus.
963 531 994 580 n.
1012 533 1046 582 n.
1063 550 1082 566 ·
1099 532 1236 584 nonem
1252 533 1292 583 111

468 656 532 724 Sed
554 676 681 744 magno
704 657 867 745 placitum
889 660 1060 744 Genitori,
1090 663 1130 728 ut
1150 659 1246 729 collis
1267 660 1416 746 adusque

557 785 666 870 Turpe
688 783 806 870 iugum
829 786 942 853 trunci
963 785 1109 872 lugubre
1132 786 1238 854 ferret
1258 802 1353 852 onus

469 909 522 976 Sic
545 888 648 995 lignis
670 911 744 978 Isac
766 912 919 978 montem
940 911 1124 998 superabat
1145 917 1308 994 onustus,

382 1034 425 1099 60
557 1033 630 1110 Quo
651 1035 790 1103 caderet
811 1035 924 1121 patria
947 1034 1086 1104 victima
1108 1053 1209 1104 caesa
1232 1051 1345 1102 manu.

469 1157 558 1241 Ergo
579 1158 651 1227 luto
674 1159 818 1244 erigitur
840 1158 975 1241 foedus3
1006 1160 1153 1246 vestigia
1174 1177 1271 1228 casus

557 1283 665 1351 Multa
687 1284 898 1354 rubescentis
919 1286 1014 1353 terra
1034 1285 1164 1352 cruoris
1192 1283 1306 1352 babet.

470 1407 747 1494 Christiadaeque
770 1408 818 1494 pii
840 1409 993 1478 recolent
1015 1409 1108 1492 loca,
1135 1425 1284 1495 namque
1306 1407 1464 1474 columna
1485 1407 1519 1465 (⁴)

557 1533 699 1601 Noverit
720 1535 866 1602 eventus
888 1511 1000 1601 indice
1021 1532 1211 1618 posteritas

382 1657 426 1720 65
469 1655 566 1722 Haud
588 1655 672 1722 mihi
694 1656 784 1724 serre
806 1656 925 1725 datum
948 1654 1101 1725 felicibus
1122 1655 1238 1724 oscula
1263 1655 1392 1741 glebis,

558 1779 734 1847 Gressibus
755 1782 791 1847 et
813 1779 971 1848 lacrimas
991 1779 1152 1865 iungere,
1175 1779 1326 1864 Christe,
1352 1780 1436 1861 tuis:

471 1905 559 1972 Nam
582 1904 754 1990 solymam
775 1905 845 1972 vidi
868 1922 1066 1991 nunquam,
1088 1904 1147 1974 sed
1169 1922 1271 1992 saepe
1294 1905 1462 1973 verendos

558 2030 762 2100 Concessum
784 2031 929 2116 genibus
951 2029 1115 2098 scandere
1143 2049 1240 2116 posse
1269 2031 1414 2116 gradus,

470 2157 559 2232 Quos
580 2171 659 2222 msa
680 2155 789 2222 Roma
810 2156 928 2236 tenet,
958 2153 1060 2222 Pilati
1083 2153 1246 2239 praesidis
1273 2153 1392 2222 aulae:

384 2281 427 2345 70
560 2279 636 2346 Non
659 2283 711 2346 est
734 2279 771 2346 in
793 2280 866 2346 toto
887 2277 1039 2346 sanctior
1059 2279 1141 2346 orbe
1163 2278 1257 2346 locus
1286 2277 1329 2343 (ὅ).

471 2403 531 2468 llic
553 2402 702 2487 gemitu,
726 2403 781 2471 hic
803 2403 953 2472 lacrimis
975 2403 1164 2472 maculosas
1184 2403 1353 2488 sanguine
1373 2405 1503 2486 guttas,

560 2527 621 2593 Hic
645 2527 748 2612 pede,
771 2527 919 2611 christe,
942 2532 1002 2594 tuo
1024 2545 1196 2598 marmora
1217 2527 1334 2614 pressa
1355 2526 1436 2594 colo.

436 3573 468 3632 (1)
483 3572 549 3620 quta
572 3573 769 3632 contemplationes
793 3574 819 3620 A.
836 3573 861 3620 C.
877 3573 1015 3630 Emmericb,
1040 3573 1150 3630 latrones,
1174 3573 1269 3621 brachiis
1290 3575 1410 3622 retrorsum
1425 3575 1454 3621 ad
1478 3575 1563 3622 trabem

374 3655 485 3712 alligetis,
500 3653 529 3700 ad
544 3655 675 3712 supplicium
689 3655 833 3702 ducebontrrr.

435 3737 701 3794 intramuraneum
722 3743 801 3782 mater
819 3737 926 3794 filioram
943 3735 1057 3783 Mei
1077 3749 1132 3782 cum
1146 3735 1204 3794 filiis
1219 3738 1270 3783 eceb
1286 3737 1378 3794 (nempe
1393 3738 1475 3784 Ioanne
1490 3739 1514 3784 et
1529 3738 1564 3784 ls-

373 3817 465 3874 cobo)...
481 3818 526 3862 Art
539 3817 593 3862 illi:
609 3817 654 3862 Dr'e
669 3821 696 3862 ut
711 3817 805 3862 mne
828 3817 856 3862 lu'
868 3817 916 3862 duc
931 3817 978 3874 Μὰ·
992 3817 1050 3871 mei,
1070 3829 1133 3862 rmus
1148 3817 1182 3864 ad
1197 3819 1306 3864 dmum
1328 3821 1395 3864 baem
1416 3823 1438 3864 et
1453 3831 1516 3864 unus
1530 3819 1564 3864 cd

373 3899 499 3944 monam
514 3899 541 3944 siu
556 3911 628 3956 regno
644 3900 691 3942 tuo.
712 3897 862 3955 Beepmrdcns
883 3902 962 3944 nutem
979 3897 1045 3944 lm
1060 3897 1141 3943 amit:
1162 3897 1262 3946 Nmuo
1277 3899 1336 3958 quid
1345 3900 1442 3957 pum.
1464 3900 1564 3946 Potentia

374 3978 451 4025 bebere
465 3983 506 4024 etc.
521 3976 604 4024 biottb.
620 3977 671 4033 XX,
688 3977 731 4031 20,
747 3977 789 4033 2l,
805 3977 844 4023 22.

436 4057 468 4116 (8)
488 4056 540 4103 Vm·
554 4055 654 4114 (Moyses
669 4056 693 4101 et
708 4055 815 4113 lilibet...
836 4059 857 4100 ct
878 4055 985 4102 ductum
1000 4069 1119 4103 meracum
1135 4057 1186 4102 eius
1206 4071 1274 4118 quaem
1295 4058 1454 4116 completiones
1468 4063 1521 4104 eur
1536 4059 1562 4104 ln

374 4137 511 4184 lemalen.
527 4136 595 4184 llam.
612 4135 652 4192 IX,
669 4135 707 4182 er.

435 4219 468 4278 (4)
484 4219 567 4266 Sancte
582 4217 679 4274 Helena,
695 4219 722 4264 ut
736 4217 819 4272 lectur,
840 4219 956 4264 columneo
971 4219 1035 4274 usuc
1051 4219 1122 4266 locum
1139 4219 1205 4266 buius
1221 4220 1297 4278 lapsus
1312 4219 1407 4266 nobrit.
1423 4217 1479 4266 l'itle
1493 4219 1563 4266 etism

372 4297 493 4360 opus,'oni
508 4300 602 4346 titulus:
623 4298 711 4359 Vrbqgc'
722 4301 751 4346 de·
766 4298 828 4346 (lecit
845 4300 933 4355 Om'sto,
948 4311 998 4358 pur.
1014 4299 1067 4347 886.

436 4381 469 4439 (5)
485 4381 521 4427 Sic
537 4379 632 4436 Murus,
655 4393 722 4439 prone
737 4381 844 4438 templum
868 4379 1017 4434 lateranum,
1041 4381 1172 4439 inscriptum
1187 4383 1223 4428 est
1238 4381 1305 4428 tronti
1329 4381 1443 4439 porticus,
1462 4379 1563 4438 subque

374 4461 474 4518 religiose
489 4460 606 4506 semanim
620 4461 644 4505 et
659 4461 761 4506 coluntur
776 4459 865 4507 acilium
882 4460 948 4506 Pilati
964 4461 1049 4516 scalae,
1065 4473 1122 4518 quae
1138 4461 1186 4508 ideo
1202 4467 1296 4508 eumue
1312 4462 1380 4517 vulgo
1395 4461 1563 4519 nuncupentur,

373 4540 424 4598 quia
441 4553 478 4586 css
495 4539 595 4586 chucus
610 4538 662 4584 olim
679 4539 798 4586 ascendens
814 4541 918 4586 contacta
934 4549 975 4582 suo
989 4539 1013 4585 et
1029 4539 1136 4596 mugnioc
1151 4541 1293 4588 consecrorii.
