3482 5358
366 487 430 551 250
844 509 1118 561 ennrnnnmoos

472 633 580 702 Omne
604 634 740 720 replent
763 638 938 724 templum.
964 639 1141 726 Seraphim
1164 655 1225 706 sex
1247 637 1432 724 grandibus
1452 635 1507 702 alis

471 759 673 834 Obvolvunt.
690 761 812 830 faciem
835 766 872 831 et
894 765 1030 850 plantas
1052 765 1268 851 promptique
1288 763 1404 831 volatu

469 883 656 951 Perllciunt
679 886 862 968 mandata,
894 887 1028 957 alterno
1051 891 1089 956 et
1111 889 1263 956 carmine
1286 887 1465 967 Sanctum,

470 1011 536 1076 Ter
558 1009 720 1079 Sanctum
743 1013 928 1096 recinunt,
961 1015 1021 1083 uni
1045 1015 1099 1082 cui
1122 1014 1253 1100 gloria,
1276 1013 1385 1080 virtus

385 1131 426 1196 10
471 1133 583 1219 Atque
603 1133 731 1204 honor:
756 1137 935 1206 intremuit
957 1138 1077 1206 domus
1099 1141 1135 1208 et
1156 1137 1305 1222 caligine
1329 1137 1404 1204 fusa
1426 1140 1483 1204 est.

470 1257 611 1326 Sedibus
633 1260 779 1329 aetherii
800 1264 1025 1332 circumstant
1046 1263 1165 1332 ordine
1192 1264 1285 1332 cives

470 1384 671 1468 Agminibus
693 1387 821 1471 ternis,
853 1387 1064 1475 totidemque
1088 1387 1317 1475 phalangibus
1339 1403 1463 1471 agmen

469 1507 657 1592 Dividitur;
681 1511 756 1581 loca
778 1513 890 1598 prima
912 1517 1036 1584 tenent
1057 1515 1116 1601 qui
1139 1513 1296 1583 Numinis
1317 1512 1379 1580 alti

469 1629 640 1700 Assistunt
662 1633 746 1701 solio
769 1632 981 1721 flammisque
1005 1639 1153 1704 uruntur
1176 1636 1324 1717 amoris,

385 1755 425 1820 15
469 1755 557 1822 Hinc
580 1753 638 1844 qui
660 1758 750 1826 iussa
771 1759 831 1828 Dei
854 1760 987 1829 iaciunt
1009 1763 1153 1830 aeterna
1177 1760 1377 1839 Cherubim,

469 1877 690 1966 virtutesque
713 1880 790 1964 Dei,
820 1900 1049 1969 superumque
1072 1883 1245 1950 exereitus
1269 1881 1400 1960 omnis,

469 2004 617 2089 Insignis
638 2004 725 2074 facie
749 2010 785 2073 et
807 2007 909 2074 velox
939 2007 1132 2076 lucentibus
1153 2006 1225 2075 alis.

472 2130 562 2214 Ergo
585 2129 645 2196 Dei
668 2133 774 2214 nutu,
799 2131 958 2200 vixdum
982 2136 1121 2201 tacuere
1145 2133 1296 2200 melodas

470 2254 664 2324 Caelestum
686 2257 795 2325 laudis
817 2261 961 2342 cantuS,
989 2260 1191 2345 cuicumque
1216 2258 1361 2326 facultas
1392 2349 1393 2352 Ἴ

382 2379 430 2446 20
471 2380 580 2455 Ouum
604 2381 685 2450 data
707 2383 752 2450 sit
774 2381 888 2466 laudi,
913 2383 1066 2469 Raphael
1091 2383 1319 2452 blesensibus
1341 2401 1454 2450 orsus:

472 2505 717 2592 Omnipotens,
743 2509 929 2593 immense,
954 2511 1037 2577 mihi
1061 2527 1164 2596 quum
1187 2510 1317 2578 credita
1341 2528 1423 2577 cura
1444 2511 1492 2575 est

471 2629 643 2700 Pellendis
666 2633 844 2703 bominum
867 2635 1010 2720 morbis,
1034 2639 1213 2723 postquam
1235 2638 1313 2704 atra
1336 2653 1468 2703 veneno

471 2756 595 2824 Infecit
617 2777 709 2827 mors
731 2777 833 2828 omne
856 2779 986 2845 genus,
1010 2762 1183 2848 stipendia
1204 2763 1346 2848 culpae,

474 2879 569 2945 Heu!
595 2879 692 2949 doleo
715 2881 806 2950 mala
828 2885 975 2969 quanta,
1000 2887 1155 2954 extremo
1179 2885 1300 2952 iuuere
1321 2886 1430 2952 donec

384 3004 428 3066 25
472 3002 638 3088 Oppetat:
674 3005 765 3074 haud
787 3006 886 3092 segni
910 3027 1014 3094 quum
1037 3009 1174 3096 saepius
1196 3011 1268 3097 ipse
1291 3009 1407 3076 volatu

472 3124 597 3194 Omnes
619 3127 748 3195 circum
770 3129 859 3199 irem
882 3134 1010 3215 terras,
1035 3131 1211 3201 horrentia
1233 3133 1324 3199 vidi:

470 3251 560 3326 Quas
582 3251 696 3321 clades
724 3270 808 3340 quos
830 3257 867 3323 et
889 3255 1048 3340 planctus
1068 3257 1122 3325 vis
1144 3258 1298 3325 morbida
1320 3255 1449 3324 tundit!

473 3374 644 3461 Principio
665 3381 747 3446 sunt
769 3397 857 3466 quae
878 3382 1081 3450 sternuntur
1103 3400 1246 3468 corpora
1268 3381 1361 3462 lele;

472 3497 593 3564 Haurit
617 3501 709 3568 enim
731 3500 867 3587 ploratu
890 3501 1006 3571 iulans
1028 3503 1086 3570 vix
1108 3502 1247 3572 luminis
1268 3521 1390 3587 auras,

385 3619 428 3683 30
471 3620 619 3706 Occidit,
641 3625 678 3691 et
700 3624 819 3693 matris
842 3624 1002 3695 lacrimae
1025 3627 1212 3696 miscentur
1234 3627 1373 3695 obortae

473 3745 673 3815 Lacrimulis
694 3750 811 3833 gnati3
834 3768 899 3818 nec
922 3751 1019 3821 llrmo
1042 3771 1184 3839 corpore
1206 3752 1297 3820 vires

369 3845 372 3850 Δ
471 3869 664 3954 Sufficiunt,
688 3873 918 3961 iuvenumque
935 3877 1112 3962 virumque
1135 3877 1191 3944 ast
1212 3878 1355 3961 occupat
1379 3877 1470 3942 artus

472 3998 516 4063 Et
538 3995 667 4065 validos
690 4018 780 4068 mors
802 4000 893 4085 dira,
917 4003 1112 4090 priusquam
1135 4006 1235 4089 putre
1258 4003 1448 4089 sepulcrum

473 4121 628 4190 Maturae
650 4125 758 4193 aetati
780 4128 900 4211 pateat
923 4127 1077 4214 tristique
1102 4129 1274 4196 senectae.

386 4229 430 4311 35
474 4245 527 4313 Sic
550 4247 749 4333 hominum,
773 4251 822 4319 sic
844 4252 917 4319 vita
939 4251 1035 4335 linit,
1064 4253 1101 4320 ni
1125 4252 1213 4322 lalce
1236 4253 1362 4320 minaci

472 4373 581 4440 instet
603 4374 770 4460 pestilitas
793 4379 829 4443 et
852 4377 994 4445 misceat
1016 4377 1132 4446 omnia
1160 4378 1275 4446 luctu:

475 4497 558 4562 Tum
581 4497 754 4583 quodnam
776 4501 963 4586 excidium,
979 4504 1053 4570 tum
1076 4504 1224 4590 quotque
1248 4501 1438 4572 miserrima
1454 4499 1568 4570 cerno!
