3576 5376
523 565 610 618 nunu
624 563 745 618 envers
760 566 783 616 1.
799 565 828 618 c.
844 564 876 616 n.
894 565 963 616 ru·
982 563 1160 619 nunorav
1382 553 1449 620 325

346 693 485 760 Interea
506 693 641 777 patrem
662 689 833 776 stipante
856 706 936 759 rure
958 691 1065 758 secuti

433 814 467 875 (4)
486 813 614 897 Filioli,
637 817 742 900 atque
764 811 843 882 altis
865 813 1039 900 questibus
1060 813 1277 885 illacrimant.
1402 872 1406 880 .

346 939 397 1008 Oh
421 938 503 1008 felix
524 937 655 1006 Simon!
681 936 852 1006 Christum
875 936 930 1004 cui
952 936 1095 1022 contigit
1118 939 1179 1006 uni

261 1067 305 1132 30
436 1061 544 1134 Solari
573 1065 677 1148 atque
710 1060 886 1129 hominum
909 1059 999 1129 terre
1020 1059 1141 1130 salutis
1162 1079 1255 1149 opus

348 1189 397 1255 Da
419 1185 520 1270 mihi,
543 1184 604 1270 da,
627 1184 655 1253 si
679 1187 714 1253 te
737 1184 856 1271 pigeat
876 1185 1059 1254 succedere
1081 1185 1193 1270 ligno;

437 1311 547 1388 Quam
567 1327 673 1378 suave
695 1311 748 1378 est
769 1311 845 1378 Iesu
867 1306 988 1378 tollere
1016 1326 1113 1394 posse
1136 1309 1295 1380 Crucem!

350 1435 487 1504 Scilicet
508 1431 609 1502 inviti
631 1433 742 1519 pietas
762 1432 849 1500 haec
872 1430 993 1500 sonora
1014 1436 1148 1502 sumet:

437 1559 617 1646 impendet
639 1555 775 1644 patiens
796 1571 941 1625 munera
962 1557 1092 1642 quante
1113 1558 1220 1626 Deus!
1256 1571 1258 1576 ·

262 1689 307 1753 35
349 1684 550 1753 Obstantam
573 1680 698 1750 frustra
721 1678 872 1749 Christus
893 1697 976 1748 nam
997 1678 1074 1748 luce
1098 1681 1267 1768 benignus

440 1807 585 1894 Aspicit,
608 1807 646 1876 et
665 1805 773 1891 guttis
795 1805 1004 1873 immaduere
1026 1823 1149 1891 genae.

351 1937 496 2020 Ignarus
524 1948 617 2000 nunc
638 1933 677 1999 tu
699 1929 810 1998 caecis
832 1928 1023 1998 obvolveris
1045 1931 1173 2000 umbris
1194 1933 1247 2016 (⁵),

439 2059 509 2126 Nec
530 2056 619 2142 potis
641 2072 679 2123 es
701 2057 833 2123 certum
854 2071 1021 2142 quaerere
1043 2055 1128 2124 lucis
1149 2056 1225 2125 iter.

351 2183 438 2250 lium
458 2179 610 2266 sequeris
632 2177 818 2264 christum,
841 2177 910 2246 iam
933 2179 1024 2247 totus
1046 2196 1084 2248 es
1104 2179 1193 2249 alter
1213 2180 1257 2249 ab
1279 2180 1353 2260 illo,

264 2307 308 2371 40
439 2303 502 2380 Qui
525 2301 668 2370 dederas
689 2299 799 2369 surdis
821 2306 900 2368 tura
921 2300 1073 2370 nefanda
1093 2302 1176 2371 diis:

353 2428 479 2497 insidet
502 2430 539 2496 et
560 2427 670 2494 virtus
690 2429 823 2508 animo,
847 2424 985 2494 fallacia
1008 2426 1104 2494 sortis

442 2553 591 2622 Numina
613 2552 820 2636 contemnis,
844 2551 1137 2640 Christiadumque
1159 2557 1258 2642 gregi

357 2681 526 2764 Adscitus,
548 2679 653 2748 sacris
674 2695 807 2766 quoque
830 2680 866 2746 te
887 2679 976 2765 tagit
997 2679 1108 2748 insula
1129 2681 1245 2766 vittis,

442 2805 476 2866 (⁶)
506 2807 748 2889 pastoremque
770 2820 869 2872 suum
891 2805 928 2873 te
950 2809 1137 2874 veneratur
1161 2807 1287 2890 Arabs3

268 2937 311 3002 45
355 2935 462 3010 Quem
484 2929 609 3000 Christi
630 2932 815 3016 praecepta
836 2930 937 3001 doces
959 2932 1140 3019 legemque
1160 2953 1351 3017 sacrorum,

442 3055 513 3122 Nec
535 3055 596 3120 tua
616 3051 744 3120 crudeli
767 3054 917 3122 vincitur
938 3054 1021 3140 igne
1042 3055 1147 3125 fides:

355 3180 443 3248 Nam
464 3177 622 3248 flammae
645 3179 828 3248 absumunt
850 3197 987 3266 corpus,
1011 3179 1071 3249 sed
1092 3181 1227 3250 sedibus
1247 3181 1327 3250 altis

443 3305 628 3375 Caelicolas
648 3305 741 3374 inter
761 3305 900 3391 spiritus
921 3309 1016 3375 astra
1037 3309 1144 3376 tenet.

356 3430 501 3499 Simonis
522 3449 593 3499 non
615 3431 747 3516 spernit
767 3448 885 3516 opem,
909 3432 969 3499 sed
991 3432 1084 3500 mitis
1105 3436 1198 3502 Iesus
1287 3523 1292 3532 ι

268 3557 312 3622 50
442 3554 540 3622 Haud
562 3557 680 3623 tamen
702 3557 766 3624 hoc
788 3560 946 3626 truncum
969 3556 1097 3627 deserit
1117 3559 1253 3626 auxilio.

355 3682 446 3759 Quas
467 3681 801 3768 praetergreditur,
823 3685 905 3752 sunt
926 3683 1044 3769 magni
1066 3683 1180 3753 divitis
1201 3685 1304 3754 aedes
1325 3686 1375 3768 l⁷l;

442 3809 586 3876 Lazams
607 3805 664 3875 hic
685 3807 823 3876 humilis
843 3808 981 3878 sederat
1002 3810 1084 3877 ante
1108 3808 1207 3880 tores.

358 3933 418 4003 Ille
440 3933 531 4002 altus
552 3933 642 4020 tyrio
664 3932 816 4003 fucatam
838 3933 967 4003 murice
990 3937 1122 4004 vestem

447 4059 579 4143 innuit,
601 4061 639 4128 et
661 4041 760 4146 uy'sso
781 4060 897 4130 moun
919 4064 1072 4130 memora
1093 4063 1189 4149 tegit

270 4186 314 4254 55
358 4186 401 4254 Et
423 4184 542 4274 pingui
564 4185 737 4254 accumbit
759 4203 914 4268 mensae,
938 4185 1083 4254 crudelis
1104 4189 1143 4255 at
1164 4204 1269 4273 aegro

444 4311 566 4395 Exigui
588 4310 647 4378 libi
671 4310 816 4380 frustula
837 4329 946 4399 parva
967 4313 1084 4399 negat

359 4435 481 4505 Ulcera
502 4437 676 4522 mendico,
698 4438 793 4505 nullo
815 4438 1039 4506 medicamine
1062 4437 1151 4521 sota,

450 4566 543 4633 Lene
565 4565 662 4634 canis
683 4565 819 4634 lambit:
842 4565 957 4633 mitior
979 4565 1042 4634 iste
1065 4563 1212 4633 homine.
