3472 5360
312 515 374 582 122
792 531 1033 583 onnrsnnrnos

305 659 371 724 300
416 658 528 744 Atque
551 657 597 724 ibi
620 675 714 726 more
739 657 832 725 serae
855 661 969 727 terrae
991 659 1201 727 silvestribus
1223 658 1336 727 herbis

418 783 551 866 Uteris,
574 783 727 871 caelique
750 783 877 852 offusus
898 803 974 852 rore
999 784 1159 852 madebis

417 909 507 993 Ergo
529 908 668 977 consilio
691 926 757 991 ne,
779 926 858 992 rex,
882 927 1004 996 parere
1026 927 1164 990 recusa,

418 1035 512 1112 Quod
536 1034 596 1102 tibi
618 1053 736 1121 promo
758 1034 887 1114 libens:
911 1053 956 1104 ex
977 1035 1042 1104 hoc
1064 1037 1125 1103 tua
1146 1009 1289 1104 uertere
1311 1035 1432 1120 egenis

417 1163 528 1230 Donet
548 1159 646 1248 larga
667 1161 812 1247 stipem,
835 1179 876 1230 ac
899 1157 1008 1230 facilis
1029 1161 1091 1230 tibi
1113 1161 1201 1229 torte
1225 1161 1379 1229 remittet

309 1285 374 1352 395
420 1286 528 1353 Omne
550 1284 649 1354 nelas
672 1287 761 1353 Deus
782 1285 1000 1372 omnipotens
1021 1285 1226 1371 veniamque
1249 1284 1424 1371 rependet

419 1409 472 1477 Sic
494 1427 580 1494 ego:
603 1409 662 1478 sed
684 1409 784 1478 dictis
804 1409 935 1496 gelidos
956 1410 1141 1478 exterritus
1162 1411 1258 1478 artus

399 1533 479 1601 -llle
501 1532 588 1601 silet
612 1533 718 1602 Senes
740 1533 791 1602 bis
812 1533 896 1603 lona
917 1537 1102 1620 peregerat
1123 1536 1221 1603 orbes

420 1657 599 1745 (Namque
622 1659 711 1726 Deus
732 1658 900 1727 scelerum
921 1659 1056 1745 patiens
1076 1678 1139 1728 sua
1161 1659 1232 1728 tela
1254 1657 1451 1744 retardat),

419 1785 528 1860 Quum
550 1783 712 1868 gradiens
733 1782 840 1850 ditem
862 1785 1024 1868 regnator
1047 1783 1135 1852 sorte
1158 1801 1221 1870 per
1240 1783 1364 1862 aulam,

309 1907 375 1973 400
419 1907 589 1994 Numquid
611 1923 682 1974 non
704 1906 777 1976 alta
800 1907 884 1976 haec
908 1907 1083 1994 Babylon,
1106 1907 1292 1992 inclamat,
1315 1909 1352 1976 et
1374 1907 1500 1991 ingens

417 2031 533 2100 Gloria
553 2029 745 2100 chaldaeae
768 2049 837 2100 non
860 2032 946 2101 llaec
969 2049 1047 2100 mea
1068 2033 1204 2117 regnat
1226 2033 1300 2119 quis
1323 2049 1498 2117 unquam,

420 2156 500 2235 Quis
523 2155 610 2224 vidit
631 2156 787 2226 maiorat
810 2157 946 2244 Triplex
969 2157 1025 2224 hic
1047 2175 1184 2242 murus,
1207 2160 1245 2246 et
1266 2157 1356 2226 horti

421 2281 619 2350 Fornicibus
641 2281 719 2349 miri
741 2281 941 2367 substratis,
964 2301 1159 2369 magnaque
1182 2283 1254 2351 Beli

421 2407 568 2476 Delubra
589 2406 833 2495 immensisque
855 2409 1015 2476 subactus
1036 2407 1192 2476 ductibus
1214 2409 1344 2490 amnis,

312 2535 377 2602 405
421 2536 628 2602 Innumerae
651 2535 763 2601 turres
783 2535 907 2601 aurata
928 2535 1034 2620 atque
1056 2532 1167 2602 aula..
1192 2534 1348 2618 Repente

419 2663 495 2728 vox
516 2658 655 2744 1111111
677 2641 770 2746 polo',
795 2658 954 2745 neeopnn
976 2658 1128 2727 fulmins
1150 2659 1275 2742 inser,

423 2787 586 2870 insonat,
608 2787 645 2852 et
667 2784 756 2852 tristi
780 2785 927 2870 complet
949 2802 1056 2853 saeva
1077 2785 1193 2852 omina
1214 2784 1321 2871 signo.

424 2910 499 2976 Rex
522 2906 663 2994 trepidis
683 2906 800 2992 agitur
822 2905 933 2973 furiis:
957 2905 1026 2974 iam
1049 2906 1145 2975 nulla
1167 2906 1341 2974 furentem

423 3036 484 3103 Vis
505 3033 664 3102 cohibere
688 3035 820 3118 potest,
843 3031 912 3100 iam
935 3033 1072 3102 vincula
1095 3032 1190 3100 nulla
1213 3035 1400 3100 morantur.

315 3161 380 3226 410
422 3157 515 3225 Silva
535 3158 714 3238 umbrosa,
737 3155 856 3237 vetos,
881 3155 977 3222 nulla
999 3155 1129 3223 violata
1151 3155 1278 3238 securi,

424 3285 522 3353 Haud
545 3282 661 3368 procul
683 3280 784 3349 llinc:
808 3280 935 3367 patulis
956 3280 1120 3350 animalia
1141 3281 1283 3349 saltibus
1304 3285 1423 3349 errent

427 3411 568 3490 Libera,
593 3425 656 3477 nec
679 3407 839 3493 cuiquam
863 3406 914 3475 las
935 3409 988 3474 est
1012 3407 1150 3476 turbare
1172 3377 1316 3493 sagittis.

419 3539 499 3610 ,Huc
521 3535 625 3603 miser
646 3533 705 3601 ille
728 3533 837 3618 sugit:
861 3531 963 3600 laeva
984 3531 1047 3600 sibi
1071 3535 1188 3600 mente
1212 3532 1347 3599 videtur

427 3667 465 3730 ln
490 3661 579 3730 tauri
601 3659 750 3747 speciem
773 3675 908 3739 versus;
931 3658 1028 3743 quasi
1051 3657 1165 3726 bellua
1187 3660 1321 3744 reptat:

315 3795 380 3860 115
424 3789 581 3858 Crinibus
603 3784 748 3855 intonsis
769 3788 806 3853 et
829 3784 938 3852 nudos
958 3784 1112 3853 sordidus
1133 3787 1228 3853 artus

300 3973 303 3984 .
425 3917 487 3983 Hic
509 3931 629 3982 emens
652 3911 857 3992 bacchatur;
881 3927 987 3995 aquas
1009 3910 1064 3975 hic
1087 3909 1235 3977 fluminis
1257 3910 1371 3978 haurit

427 4041 579 4108 Limosee
600 4053 728 4124 pronus
749 4037 871 4119 terris,
895 4034 950 4104 hic
973 4037 1124 4122 pascitur
1146 4035 1273 4119 herba3

429 4169 472 4234 Et
493 4167 521 4234 si
545 4166 632 4233 forte
656 4164 750 4232 lacus
773 4165 873 4232 claris
894 4183 931 4232 se
953 4163 1119 4249 conspicit
1139 4161 1259 4244 undis,

430 4293 607 4371 intremit,
633 4295 671 4361 et
692 4291 842 4360 tumidae
863 4306 1077 4359 succrescere
1098 4305 1227 4357 cornua
1249 4288 1353 4356 fronti

323 4427 386 4492 120
432 4425 474 4490 lit
498 4422 614 4490 bifidos
634 4438 768 4506 ungues
789 4421 826 4488 et
846 4419 929 4488 setis
951 4417 1088 4487 horride
1108 4419 1263 4486 membre

433 4550 610 4619 01111111
632 4549 811 4633 ingentem
833 4546 975 4633 proferri
999 4544 1130 4614 lumina
1151 4545 1188 4611 in
1211 4543 1337 4612 orbem.
