3564 5376
354 474 398 541 58
822 487 1083 539 urcuunuumcs

376 617 417 682 10
460 618 530 685 Nec
553 617 670 683 tamen
691 634 872 702 arcanum,
895 615 999 684 sacris
1020 615 1062 683 de
1085 633 1180 684 more
1202 614 1382 684 dicandum

460 743 535 827 Ipse
556 740 648 809 dicat
671 742 830 826 Michael,
853 740 941 828 quod
963 758 1125 827 praesens
1145 741 1280 826 incolit,
1302 743 1457 824 antrum,

461 864 620 952 Quodque
642 865 743 934 docet
763 884 923 934 resonare
945 865 1065 950 melos,
1090 865 1250 951 radioque
1272 865 1413 932 coronat

460 987 599 1075 Saepius
619 989 781 1059 aethereo
804 991 890 1059 caeli
912 990 1045 1060 delecta
1066 991 1235 1058 iuventus

547 1115 610 1183 Ast
632 1116 687 1183 ubi
710 1117 838 1202 templa
859 1135 948 1184 novo
971 1120 1115 1202 surgunt
1136 1116 1352 1203 splendentia
1374 1115 1478 1199 cultu,

376 1242 415 1308 15
458 1241 618 1326 Optatum
639 1241 841 1310 adventasse
865 1243 954 1309 diem
975 1243 1124 1330 ritusque
1146 1241 1328 1310 sacrandos

458 1366 606 1434 Antiates
628 1368 754 1434 monet.
777 1367 971 1434 Autumnus
991 1368 1060 1436 iam
1082 1367 1210 1453 depulit
1232 1369 1361 1450 aestus,

454 1490 620 1576 Libraque
642 1491 710 1557 iam
733 1494 842 1559 terras
863 1491 990 1558 circum
1011 1495 1141 1577 septem
1164 1495 1283 1578 egerat
1304 1493 1417 1572 orbes;

456 1615 587 1682 Invitat
607 1615 667 1682 lux
688 1615 795 1696 alma,
819 1619 919 1683 vocat
941 1616 1135 1684 mitissimus
1155 1633 1236 1701 aer,

455 1737 565 1807 Silvae
589 1739 786 1807 frondentes
806 1743 843 1808 et
865 1757 940 1808 rore
962 1740 1109 1809 nitentia
1131 1744 1238 1829 prata

367 1863 411 1930 20
454 1865 527 1932 Huc
548 1863 733 1950 Sipontini,¹
756 1863 821 1932 buc
843 1863 986 1932 devotae
1007 1866 1153 1951 plurima
1174 1867 1267 1952 gent'

454 1988 574 2075 Copia,
596 1988 789 2074 longinquis
811 2006 998 2074 peragrans
1019 1992 1207 2060 devenerat
1228 1993 1303 2062 oris.

455 2115 523 2181 Hos
543 2115 655 2210 inter⁸
673 2113 780 2182 multa
802 2115 1017 2201 peditumque
1041 2117 1259 2204 equitumque
1282 2137 1424 2203 corona,

455 2236 576 2304 Consul
598 2238 635 2304 in
656 2236 803 2305 occiduis
824 2239 1021 2324 Garganum
1043 2239 1184 2307 Albinus
1205 2241 1336 2324 adibat;

452 2361 595 2430 Munera
616 2362 690 2432 dat:
713 2365 868 2448 pateram
890 2365 1046 2430 auratam
1069 2363 1276 2452 calicemque
1299 2369 1443 2435 coruscis

364 2489 407 2553 25
450 2487 651 2555 Distinctum’
673 2489 833 2573 gemmis,
857 2491 971 2573 byssos
992 2490 1154 2558 altaribus
1176 2489 1288 2575 albas,

454 2607 599 2692 Taedas,
622 2627 745 2678 munus
766 2629 883 2696 apum,
912 2613 1078 2697 panchaei
1100 2613 1185 2681 turis
1206 2615 1346 2700 odores,

452 2734 661 2801 ornamenta
683 2735 801 2815 saorla,
827 2734 1013 2804 holoserica
1035 2739 1144 2820 texta,
1168 2739 1339 2808 ministris.

541 2862 688 2927 Ventum
701 2865 776 2928 erat
787 2862 830 2932 ad
841 2861 1015 2947 templum;
1027 2863 1199 2932 admirans
1211 2867 1292 2932 tunc
1304 2867 1419 2934 omnia
1431 2867 1566 2934 lustrat:

454 2985 605 3052 Porticus
627 2987 708 3052 ante
732 2984 836 3068 iores,
860 2986 1000 3055 bissenis
1021 2989 1092 3055 alta
1114 2989 1296 3072 columnis,

364 3111 405 3176 30
450 3111 622 3196 Suggestis
642 3111 784 3178 totidem
805 3112 963 3198 gradibus
984 3113 1170 3182 sustollitur
1192 3116 1292 3184 aedis.

452 3235 494 3302 Se
517 3237 624 3303 ternis
644 3235 754 3303 aditus
775 3237 881 3322 portis
904 3237 1132 3323 bipatentibus
1153 3239 1268 3309 offert.

451 3360 648 3429 Cardinibus
670 3364 783 3446 postes
803 3362 949 3430 strident
970 3381 1014 3431 ex
1035 3382 1116 3433 aere
1140 3367 1307 3452 rigentes,

451 3487 501 3554 Ac
524 3487 641 3554 mediis
662 3487 832 3573 insculpta
853 3487 943 3556 nibet
966 3489 1139 3558 Michaelis
1160 3491 1282 3576 imago.

451 3612 605 3698 Insignes
626 3613 728 3699 capiti
750 3613 869 3697 galeae
892 3614 1082 3700 cristaeque
1103 3619 1294 3698 comantes,

363 3737 407 3801 35
451 3735 547 3802 Flavi
569 3735 647 3804 lene
669 3734 779 3802 fluunt
801 3755 861 3821 per
882 3739 1034 3806 eburnea
1055 3739 1142 3808 colla
1162 3741 1282 3825 capilli.

452 3859 507 3927 Nil
529 3859 672 3927 mortale
694 3860 817 3928 refert:
840 3845 951 3928 loricis
970 3865 1110 3949 pectora
1131 3865 1240 3950 cingit

453 3983 589 4068 Aureis;
612 3984 794 4052 fulmineus
812 3986 932 4054 dextra
954 3988 1167 4072 distringitur
1188 3991 1295 4072 ensis;

384 4179 390 4194 ‚
451 4110 518 4176 Sub
540 4109 744 4196 pedibusque
766 4111 890 4194 premit
912 4111 1015 4179 Satan
1038 4113 1079 4181 de
1101 4115 1180 4183 sede
1203 4119 1378 4184 ruentem:

449 4235 558 4320 Atque
580 4235 659 4303 huic
681 4234 809 4319 viperei
831 4233 958 4317 crines,
982 4237 1146 4306 deformia
1166 4241 1314 4326 squamis

361 4359 404 4424 40
448 4359 612 4442 Corpora,
635 4376 761 4444 pesque
784 4374 969 4442 manusque
993 4359 1110 4428 ferinis
1131 4364 1300 4447 unguibus
1323 4364 1473 4434 horrent.

447 4482 603 4552 Cernitur
625 4482 716 4551 haud
739 4482 857 4562 lactea,
882 4482 1002 4567 palmis
1024 4485 1109 4554 latet
1129 4487 1245 4556 abdita
1269 4491 1437 4576 utrisque;
