3576 5376
342 509 409 576 382
892 525 1007 575 vuius

447 651 510 727 Qui
532 649 646 720 dulces
667 650 759 718 inter
781 650 904 720 lmeris
926 639 1018 719 nuuc
1040 650 1180 718 collibus
1203 648 1326 731 Albae,
1437 633 1441 642 ’

359 775 404 842 25
447 777 539 843 Arva
560 777 616 844 ubi
637 775 731 845 laeta
752 776 866 846 nitent
888 776 1076 863 tepidisque
1100 775 1258 844 favonius
1278 777 1342 844 alis

446 901 648 970 Transvolat
669 904 706 971 et
726 919 842 970 roseus
863 902 956 972 claro
977 902 1028 972 sol
1049 900 1205 988 splendet
1228 902 1263 969 in
1286 919 1369 970 axe:

445 1025 554 1100 Quam
577 1024 714 1095 mallem
736 1028 851 1095 tecum
874 1025 1044 1095 Albanum
1067 1027 1296 1095 conscendere
1320 1029 1490 1106 montem,

446 1152 514 1218 Aut
537 1151 592 1218 ubi
615 1152 808 1239 praeruptis
829 1152 978 1238 assurgit
999 1151 1115 1220 Aricia
1135 1153 1226 1220 saxis

445 1278 513 1344 Aut
533 1296 597 1345 arx
619 1276 829 1364 (laudulphi,
852 1281 890 1346 et
911 1278 1009 1347 sociis
1032 1279 1101 1347 iam
1122 1278 1192 1347 sole
1215 1278 1361 1347 cadente

356 1403 399 1467 30
444 1403 592 1486 Pergere
616 1402 804 1471 romuleam
825 1419 894 1490 quc
915 1403 1038 1472 semita
1059 1403 1154 1472 ducit
1174 1403 1219 1472 ad
1240 1403 1377 1472 urbem!

445 1525 531 1603 Quid
553 1531 695 1613 prosunt
716 1527 818 1597 votel
841 1527 978 1615 Alpium
1000 1545 1065 1614 ego
1088 1546 1236 1617 namque
1259 1529 1393 1598 arcibus
1414 1529 1514 1610 altis,

446 1651 531 1720 Exul
553 1653 758 1738 honoratus,
778 1653 883 1740 longo
906 1653 967 1722 alr!
992 1654 1134 1723 nimium
1157 1654 1356 1739 intervallo,

444 1773 623 1866 Dtsiuugor
646 1780 770 1863 Roma,
794 1779 883 1847 caris
904 1780 1077 1864 disiuugcr
1098 1781 1225 1850 amicis.

446 1905 506 1972 Ast
528 1921 675 1991 aequum
699 1908 752 1973 est
773 1923 896 1991 perere
918 1907 996 1987 Deo,
1021 1905 1098 1992 qui,
1122 1923 1204 1975 voce
1226 1924 1384 1993 suprema

356 2031 399 2094 35
444 2030 612 2115 Pastoris,
637 2031 801 2116 patriam,
824 2029 947 2098 fratres
969 2029 1149 2117 dulcesque
1171 2031 1303 2099 sodales

443 2154 612 2241 Linquere
635 2173 691 2223 me
713 2156 823 2224 subito
847 2158 884 2224 et
905 2156 1093 2224 Germanos
1114 2157 1224 2225 visere
1247 2153 1352 2224 iussit.

440 2279 493 2347 Sic
518 2279 624 2348 bonus
645 2299 665 2349 o
687 2282 775 2348 Deus
796 2279 851 2347 hic
873 2280 932 2349 det
954 2299 1074 2367 opem,
1099 2280 1281 2367 faveatque
1304 2279 1471 2360 secundus

440 2407 535 2472 luter
557 2407 609 2473 tot
631 2423 729 2474 casus
752 2405 933 2473 iucundam
955 2405 1071 2474 vivere
1095 2407 1210 2474 vitam.
1302 2462 1305 2472 .

929 2615 1126 2650 plasmaretur
1143 2617 1157 2648 x
1174 2615 1204 2650 lu.
1221 2607 1314 2650 uenus.
1324 2614 1361 2648 ss.
1372 2613 1488 2648 noenu
