3576 5376
753 663 1019 786 Epistola
1041 703 1158 770 VII

371 993 417 1042 AD
441 993 622 1047 tosnpflvn
645 987 821 1048 FRATREM
843 996 1104 1050 cunrvmortnn
1134 1000 1246 1050 mols.
1276 1001 1536 1052 tuncflmnslon

709 1137 747 1186 IN
772 1136 954 1188 uancffv
982 1140 1085 1190 PONT.
1110 1141 1198 1190 MAX.

750 1759 933 1810 comunes
958 1759 1155 1812 Pannoniam

545 1989 638 2066 Quae
661 1988 846 2057 malefacta
868 1991 992 2058 tenent
1014 1991 1087 2058 diro
1111 2008 1165 2058 me
1187 2009 1327 2060 caroere
1351 1994 1485 2078 quaeris

458 2112 644 2194 Sollicitus,
668 2111 859 2193 Germane,
884 2112 978 2180 doles
998 2111 1079 2179 dum
1101 2115 1239 2199 pectore
1262 2113 1359 2181 toto?

453 2237 570 2304 Dicam
592 2235 770 2322 equidem,
793 2237 830 2302 et
852 2239 1009 2320 satagam
1032 2237 1207 2306 fraternae
1230 2237 1373 2305 vulnera
1395 2256 1497 2307 curae

453 2361 573 2428 Lenire
596 2361 702 2445 atque
726 2359 882 2428 animum
907 2359 1041 2427 tristem
1063 2360 1213 2429 mulcere
1235 2361 1430 2445 camoenis,

387 2489 409 2553 5
452 2486 544 2561 Quae
567 2483 628 2550 tibi
651 2500 776 2568 nempe
800 2499 908 2550 novos
931 2485 1093 2569 retegant
1115 2501 1160 2550 er
1182 2485 1300 2552 ordine
1323 2503 1429 2552 casus

539 2609 614 2676 Nox
635 2609 730 2690 erat,
754 2607 968 2692 inclususque
991 2607 1082 2686 domi
1105 2607 1147 2675 de
1172 2626 1267 2677 more
1291 2608 1450 2677 sedebam
1473 2609 1507 2670 (¹)

453 2733 597 2800 Securus
619 2749 761 2798 versans
782 2730 906 2799 libros:
928 2731 977 2798 nil
999 2732 1070 2800 tale
1092 2731 1274 2800 timentem

451 2857 588 2944 Oppetit
611 2875 655 2924 en
678 2856 789 2924 subito
812 2855 930 2937 miles,
954 2855 1127 2942 compellit
1150 2860 1187 2925 et
1208 2857 1258 2925 ire

452 2981 633 3069 Captivum
657 2983 844 3048 Anconam.
868 2980 1015 3066 Stupeo,
1039 2981 1193 3050 sednon
1217 2985 1334 3050 tamen
1359 2983 1446 3050 nllus

367 3108 407 3173 10
451 3106 558 3176 Corde
580 3107 695 3174 subest
716 3124 845 3192 pavor:
869 3105 1042 3174 insontem
1065 3123 1153 3193 quae
1176 3124 1260 3175 eura
1282 3108 1478 3176 remordet?

452 3233 524 3302 Neo
545 3251 661 3315 mora,
684 3231 876 3300 consuendo
900 3231 1042 3300 rhedam
1054 3249 1063 3315 ;
1089 3250 1204 3300 comes
1226 3251 1315 3300 unus
1336 3237 1373 3300 et
1394 3234 1482 3300 alter

451 3358 572 3443 Ioseph
595 3360 631 3425 et
652 3357 794 3426 Sanctae
817 3353 876 3440 (2),
900 3356 1062 3425 fidissima
1085 3359 1245 3444 pectora:
1270 3361 1382 3426 eustos

339 3559 349 3584 ,
450 3482 589 3550 cinctus
609 3481 707 3550 adest
727 3480 842 3568 gladio
865 3481 1002 3567 propius
1024 3481 1217 3567 multusque
1240 3482 1387 3550 satelles.

452 3605 520 3674 Vix
543 3607 628 3674 haee
652 3605 744 3672 sarna
766 3603 894 3690 refert,
918 3603 1018 3674 fietus
1039 3605 1254 3692 gemitusque
1277 3624 1431 3675 meorum

367 3731 409 3797 15
453 3731 618 3798 Auditur:
641 3729 782 3797 miseros
804 3729 917 3796 verbis
938 3728 1073 3798 solabar
1094 3729 1221 3798 amicis.

453 3855 564 3941 Atque
586 3854 653 3922 iter
674 3854 847 3938 ingressus
869 3853 986 3921 laudes
1008 3858 1044 3921 et
1066 3855 1221 3922 carmina
1242 3874 1373 3924 summo

450 3981 556 4048 Grata
578 3981 648 4046 Deo
670 3979 846 4064 persolvo,
871 3978 1000 4046 etenim
1023 3979 1185 4064 dignatur
1207 3981 1337 4049 honore

450 4105 543 4173 Haeo
564 4123 620 4172 me
643 4103 728 4172 dura
748 4103 830 4189 pati.
854 4103 975 4190 Populi
998 4106 1067 4172 stat
1089 4105 1236 4191 plurima
1258 4107 1387 4174 circum

448 4231 560 4298 Turba
582 4233 723 4316 stupens
745 4231 951 4316 captumque
973 4228 1103 4315 gemit;
1127 4230 1186 4298 sed
1208 4229 1325 4298 sibilus
1347 4229 1471 4316 anguis

360 4357 405 4424 20
449 4355 527 4424 Non
549 4358 642 4424 tacet
662 4356 817 4422 adversi:
841 4354 998 4422 dextram
1020 4358 1093 4423 tum
1116 4356 1256 4423 sublevo
1280 4356 1394 4441 plebi,

450 4479 553 4566 Signa
574 4481 682 4548 erucis
704 4481 878 4563 referens3
901 4480 1027 4565 rapidis
1049 4480 1129 4549 dein
1151 4483 1267 4567 raptor
1289 4480 1440 4548 habenis
