3472 5360
677 581 788 633 nrnnn
807 581 958 631 rnarrvs
1070 599 1072 602 ·
1358 564 1415 627 151

323 711 449 780 [ledam
471 713 608 798 egomet
614 727 625 793 ;
655 709 706 778 fas
728 709 850 797 cuique
872 709 966 796 operi
988 707 1144 776 conferre
1168 706 1330 775 laborem.

210 837 277 902 615
321 837 414 905 Haec
434 835 557 921 Cyrus:
581 835 742 922 reddique
765 835 860 904 iubet
882 853 969 924 quae
992 853 1076 904 vasa
1098 833 1207 902 tulere

322 963 435 1030 Aurea
456 961 637 1044 Chaldaei,
660 963 764 1049 atque
787 963 957 1047 argentea
978 959 1130 1046 cymbia,
1161 958 1288 1027 cultros

321 1086 544 1174 caelatosque
566 1088 729 1174 scyphos,
752 1087 902 1175 grandes
922 1105 967 1155 ex
987 1104 1068 1156 aere
1096 1085 1241 1164 lebetes,

321 1214 362 1278 Et
385 1211 536 1299 phialas,
559 1213 675 1301 templi
699 1229 855 1301 quaeque
878 1214 1085 1282 ornamenta
1107 1210 1232 1279 vetusti
1258 1191 1263 1202 ’

321 1335 549 1406 Asservantur
562 1337 690 1423 adhuc,
714 1328 804 1407 Belo'
817 1356 911 1406 nunc
932 1355 1030 1406 sacra
1051 1335 1217 1424 supellex.

211 1459 278 1527 620
409 1463 481 1530 Iam
504 1463 621 1532 Daniel
644 1463 768 1551 duplici
799 1465 1015 1550 praecinctus
1036 1465 1192 1548 tempora
1220 1463 1310 1528 serto

320 1585 472 1656 Emicat:
507 1587 674 1674 umidae,
697 1587 818 1658 vinclis
839 1591 916 1676 post
937 1591 1094 1675 tempora
1114 1587 1220 1674 longa

321 1713 497 1799 Abruptis,
521 1713 657 1799 Solymo
678 1714 750 1783 alta
771 1715 915 1801 petunt:
943 1715 1033 1784 iacet
1054 1712 1226 1800 improbus
1248 1711 1371 1796 anguis
1384 1763 1408 1812 ,Ι
1518 1709 1520 1715 ’

322 1837 479 1922 Assyriae
502 1837 607 1908 fallax
630 1840 719 1908 Deus
741 1842 778 1907 et
799 1839 944 1908 ludibria
964 1841 1100 1925 gentis:
1287 1913 1289 1920 s

322 1962 478 2030 Infernas
501 1963 606 2031 Satan
630 1963 717 2049 fugit
739 1964 939 2052 indignatus
959 1965 1004 2032 ad
1031 1965 1176 2031 umbras.

210 2085 276 2152 625
408 2088 462 2156 Sic
484 2089 602 2158 vinces
624 2092 680 2173 tu,
704 2107 828 2176 magne
852 2091 983 2158 Parens
1005 2089 1152 2176 iustique
1176 2087 1354 2172 Magister:

323 2213 512 2298 Penniger,
534 2213 653 2282 ltaliae
675 2217 805 2298 custos,
828 2217 895 2284 iam
918 2214 1053 2284 sedibus
1080 2215 1159 2284 altis
1297 2201 1301 2210 ’

321 2339 402 2406 Fert
423 2340 483 2406 tna
505 2342 587 2408 vota
610 2341 678 2408 Deo
699 2341 843 2427 supplex
866 2339 1090 2426 lacrimasque
1114 2356 1311 2426 precesque.

322 2463 454 2531 Annuit
475 2463 715 2551 Omnipotens,
739 2467 776 2534 et
796 2465 901 2534 Satan
933 2465 1073 2533 fulmine
1096 2464 1240 2532 sternit:

321 2587 491 2656 Sternitur
513 2597 550 2657 et
571 2589 719 2658 satanae
742 2589 894 2672 soboles;
925 2608 983 2674 ac,
1007 2593 1042 2658 te
1065 2590 1169 2671 duce,
1193 2590 1334 2658 undem

211 2712 277 2778 630
322 2712 495 2782 Libertate
519 2714 584 2782 frui
608 2715 764 2784 dabitur:
792 2734 872 2784 nam
894 2715 1049 2801 cogimur
1070 2733 1157 2784 aevo

321 2837 408 2906 Heu,
419 2837 562 2906 nimium
584 2837 707 2924 longo!
737 2840 882 2907 dominis
905 2857 1026 2926 parere
1047 2838 1222 2925 superbis,

321 2961 534 3050 immanique
555 2963 634 3050 iugo
657 2965 852 3051 premimur.
877 2965 1083 3034 Foedisima
1105 2965 1193 3032 rictu

322 3085 457 3168 Bellus,
480 3087 573 3158 culta
595 3088 706 3173 Italis,
730 3093 832 3158 rubor
854 3091 921 3158 heu
944 3088 1149 3158 suffunditur
1172 3089 1251 3156 ore!

322 3210 454 3294 Bellua,
478 3230 565 3299 quae
588 3213 729 3301 populos
750 3213 879 3282 crudeli
902 3213 1005 3284 dente
1029 3214 1180 3296 lacemit,

210 3336 276 3401 635
320 3335 511 3424 Funditque
534 3337 693 3408 ausonios
714 3339 806 3406 civili
828 3340 998 3424 sanguine
1021 3357 1178 3426 campos,

321 3460 433 3547 Usque
457 3461 554 3544 lbrit,
579 3480 644 3532 nec
665 3467 824 3532 ventrem
847 3462 956 3550 epulis
976 3464 1160 3533 infamibus
1183 3461 1322 3549 implet:

321 3585 362 3652 Et
385 3588 520 3666 tanmn,
544 3587 671 3656 irascor
694 3606 904 3672 memorans,
928 3588 1006 3656 huic
1030 3588 1141 3656 hostia
1163 3587 1287 3673 passim

321 3709 485 3791 Offertur,
517 3710 739 3798 redolentque
764 3712 906 3799 indigno
928 3713 1052 3781 altaria
1077 3711 1178 3779 fumo.

321 3835 349 3901 0
371 3835 499 3921 patria,
524 3854 544 3905 c
567 3836 676 3918 cives,
701 3855 720 3903 o
742 3836 857 3905 dulcia
878 3836 1041 3924 pignora,
1066 3837 1221 3924 quisnam

212 3961 277 4024 640
323 3959 392 4028 Vos
415 3959 508 4028 llrror
528 3960 698 4047 impellit?
724 3961 809 4028 ritus
830 3963 947 4030 arcete
971 3959 1157 4040 nefandos;

322 4084 373 4150 lln
395 4103 504 4152 novus
526 4084 583 4153 liic
605 4085 745 4154 Daniel:
769 4085 896 4172 crepat
917 4086 1022 4173 impia
1046 4083 1157 4152 bellua
1182 4082 1356 4169 (clamat),

321 4206 372 4276 En
394 4209 449 4276 cni
475 4213 544 4292 lus,
573 4209 645 4278 dios
667 4227 713 4278 en
736 4211 790 4280 cni
814 4209 978 4279 tribuistis
1000 4209 1155 4276 bonores.

1036 4337 1140 4400 Auno
1164 4345 1380 4402 nncccnxvn

660 4525 974 4546 WVVVWWWV
