3560 5368
691 541 803 592 LIBER
826 541 978 594 TERTIVS

228 670 291 735 105
338 671 538 752 Agnoscunt
560 685 661 734 omen
685 669 772 736 caeli
795 673 831 736 et
853 667 1008 736 mirabile
1031 667 1175 748 donum;

338 795 422 859 'lum
443 793 557 860 Simon
581 792 748 877 Sponsum
769 791 897 860 Mariae
921 791 1114 860 conclamat
1135 792 1265 878 Ioseph.

336 914 433 981 Haud
455 913 557 982 aliter
578 914 743 982 chanaan
767 914 910 982 desertis
932 915 1056 982 finibus
1078 914 1159 981 olim

337 1039 494 1106 Noscitur
514 1039 705 1122 augurium,
728 1057 833 1125 quum
855 1040 953 1125 virga
974 1037 1126 1107 refloruit
1149 1040 1250 1106 Aron.

338 1164 448 1249 Stirpe
470 1181 515 1230 ex
537 1162 693 1230 davidica
714 1167 898 1248 prognatos
919 1164 1011 1231 inter
1033 1163 1183 1248 ephebos

230 1289 292 1355 110
336 1287 470 1355 Primus
490 1289 587 1368 erat,
611 1285 753 1354 Mariam
774 1287 833 1372 qui
857 1288 951 1354 casto
973 1287 1116 1355 ardebat
1138 1305 1269 1370 amore,

337 1410 448 1478 Gente
469 1407 655 1494 opibusque
676 1411 807 1494 potens,
832 1409 979 1494 Agabus,
1002 1409 1031 1475 si
1051 1409 1193 1494 garrula
1215 1427 1335 1476 verum

337 1507 443 1601 Fama
464 1533 591 1616 refert;
615 1533 747 1618 virgam
770 1533 866 1601 velut
887 1532 1105 1618 indignatus,
1129 1535 1292 1602 adaram

339 1657 572 1745 Nequidquam
594 1658 759 1743 positam,
783 1657 905 1743 palmis
926 1658 1109 1726 obtruncat
1130 1659 1281 1745 utrisque

339 1786 378 1851 In
401 1800 517 1868 genua
539 1782 703 1850 obnixus:
726 1782 931 1868 spectabunt
953 1782 1045 1850 iacta
1067 1785 1218 1869 nepotes,

230 1912 294 1978 115
340 1909 484 1978 Urbinas
506 1909 655 1977 tabulam
679 1927 784 1995 quum
807 1909 895 1976 mira
916 1909 1068 1995 pinxerit
1089 1913 1175 1978 arte.

337 2034 495 2102 Praemia
516 2033 654 2102 virtutis
676 2033 783 2118 Virgo
806 2033 900 2102 dabit
912 2053 921 2117 ;
945 2033 988 2102 ad
1013 2036 1094 2120 iuga
1116 2035 1242 2102 montis

338 2155 483 2226 Carmeli
506 2155 616 2242 fugiet
637 2157 770 2226 iuvenis
791 2175 827 2224 se
850 2159 998 2227 condere
1020 2159 1187 2226 claustro:

337 2279 399 2351 llic
421 2282 479 2351 nbi
502 2282 682 2352 Thosbitae
704 2282 852 2368 primum
874 2285 1043 2352 nubecula
1064 2283 1139 2352 visa
1160 2288 1213 2352 est

339 2406 581 2477 Parthenidem
602 2407 776 2492 simulans,
799 2407 935 2477 caelebs
955 2411 1126 2495 noctuque
1149 2409 1273 2496 diuque

229 2539 293 2604 120
337 2539 369 2604 Is
391 2553 492 2621 prece
512 2534 657 2604 sollicite
679 2554 800 2622 pacem
822 2537 998 2620 exorabit,
1021 2538 1181 2606 alumnus

339 2658 500 2746 Virginis,
523 2661 560 2726 et
579 2659 694 2727 senior
717 2659 806 2728 felici
829 2660 898 2728 line
920 2661 1082 2747 quiescet.

345 2761 349 2768 '
426 2784 555 2853 cutum
576 2785 662 2854 naec
684 2785 776 2854 inter
797 2786 916 2872 tempu
938 2786 1120 2855 recusum
1142 2771 1248 2873 punis

339 2885 537 2982 Parthenidi
558 2929 702 2999 sponsae
725 2932 795 2982 non
818 2914 1010 2984 enarrabile
1032 2916 1174 2982 textum.

337 3041 515 3127 Stragula,
538 3011 682 3126 depictis
702 3057 786 3108 auro
808 3041 942 3109 variata
964 3039 1101 3126 liguris,

233 3169 294 3236 125
337 3168 548 3234 ornamenta
570 3166 635 3234 tori
656 3165 765 3233 multo
787 3165 946 3234 confecta
968 3165 1101 3249 labore,

340 3292 559 3360 abramidum
580 3293 738 3361 historias
759 3296 894 3362 veteres
915 3296 952 3362 et
974 3294 1117 3378 grandia
1138 3293 1250 3379 pingit

337 3420 440 3488 Gesta
461 3419 576 3500 sacris,
599 3417 750 3486 dictante
774 3421 851 3501 Deo,
874 3418 1071 3488 concredita
1093 3418 1229 3485 chartis

339 3542 509 3628 Principio
531 3543 620 3612 Deus
641 3542 857 3628 omnipotens
878 3545 1074 3629 terramque
1098 3543 1278 3628 polumque

339 3668 477 3736 arnico
499 3645 616 3765 niuno,
640 3668 741 3735 uirus
763 3670 800 3736 et
821 3667 940 3736 uuum
961 3666 1079 3750 lunum,

232 3797 294 3863 130
338 3795 532 3862 seiunctam
555 3811 578 3860 a
600 3793 750 3861 tenebris
772 3793 867 3862 iubet
888 3795 924 3861 et
944 3793 1180 3880 splendescere
1202 3794 1327 3875 lucem,

341 3921 383 3989 ut
402 3921 509 3989 solem
531 3925 567 3999 et
587 3921 726 4004 lunam,
750 3921 866 4006 magni
889 3922 956 3988 duo
978 3921 1108 3988 lumina
1133 3920 1261 3986 mundi.

341 4048 494 4117 induitur
516 4047 605 4116 loliis
624 4049 725 4116 arbos
746 4053 782 4116 ct
804 4050 903 4133 prata
926 4047 1120 4128 virescunt3

339 4173 461 4240 Omnia
482 4173 686 4258 percurrunt
708 4173 843 4258 rapidas
864 4171 1028 4239 animalia
1048 4149 1172 4250 silvas,¹

339 4301 408 4367 Aut
430 4301 570 4385 reptant
590 4299 723 4384 tellure,
747 4299 856 4367 altum
878 4303 939 4367 aut
959 4317 1022 4385 per
1044 4299 1147 4365 inane
1172 4297 1327 4366 seruntur

231 4427 295 4494 135
339 4425 561 4511 Praepetibus
582 4425 714 4510 pennis,
736 4423 856 4493 fluvios
876 4428 938 4494 aut
959 4443 1110 4512 aequora
1130 4427 1282 4491 tranant.

337 4549 483 4620 Callidus
505 4551 558 4620 hic
580 4569 722 4640 serpens
744 4551 879 4621 fraudes
898 4553 943 4620 ab
965 4552 1097 4640 origine
1120 4569 1232 4626 rerum
