3564 5376
706 513 817 565 LIBER
840 513 973 564 PRIMVS

344 640 434 708 Aleti
456 639 613 706 iuvenes:
638 638 750 706 valido
771 637 829 706 sed
852 641 972 706 robore
995 644 1115 707 eontra
1142 649 1145 656 ⁴

229 767 296 832 555
340 765 503 833 Obiioitur
525 764 730 843 Behemoth,
755 763 976 851 dammasque
1000 763 1190 844 furentibus
1212 764 1306 831 addit

342 889 384 955 Et
406 889 529 955 dextra
550 889 588 954 ot
609 885 724 954 dietis:
747 905 875 972 anceps
896 886 1042 954 victoria
1063 885 1200 972 pendet

342 1012 466 1089 Quales
486 1011 644 1080 adriaoae
667 1011 780 1080 ventis
802 1010 1014 1096 agitantibus
1038 1010 1164 1094 undae,

342 1139 440 1206 Nune
461 1138 576 1204 actam
597 1135 766 1204 invadunt
787 1136 930 1204 alternis
952 1134 1122 1216 ductibus,
1147 1136 1184 1202 et
1206 1153 1299 1203 nune

341 1261 383 1330 Se
404 1261 606 1342 retrabunt,
629 1260 775 1346 litusque
798 1260 870 1328 salo
893 1259 1048 1346 fugiente
1071 1260 1278 1346 relinquunt.

104 1469 111 1480 ·
231 1387 298 1451 560
342 1385 436 1453 'iuno
459 1382 629 1469 Raphael:
654 1382 769 1450 Genus
791 1401 812 1450 o
834 1383 912 1451 divo
934 1383 977 1450 de
998 1383 1173 1468 germine,
1198 1383 1305 1466 fatur,

343 1511 403 1578 Eia
424 1510 534 1595 agite,
558 1511 594 1577 et
615 1483 740 1576 devota
761 1509 830 1576 Deo
852 1508 902 1576 nil
925 1508 1027 1577 sortia
1050 1509 1214 1593 frangant

343 1639 502 1704 Pectora:
525 1653 642 1703 nonne
664 1635 753 1702 Deus
773 1634 889 1701 vobist
911 1653 1028 1702 nonne
1051 1635 1122 1719 ipse
1145 1633 1303 1701 secundis

341 1760 485 1829 Auribus
506 1759 651 1845 aspirat,
675 1759 829 1845 uiresque
853 1760 889 1827 et
912 1758 1050 1827 brachia
1072 1759 1207 1825 flrmatt

342 1889 486 1954 Durate:
506 1888 738 1972 aeternaeque
762 1887 905 1952 manent
926 1904 986 1953 vos
1007 1885 1162 1971 praemia
1183 1884 1301 1953 laudis.

231 2013 298 2080 565
342 2012 402 2078 His
422 2012 521 2079 dietis
542 2010 699 2079 renovati
723 2009 846 2077 animis
869 2009 1050 2078 conamine
1073 2009 1152 2078 forti

343 2137 507 2205 Nituntur
527 2137 669 2204 iuvenes
691 2135 836 2204 adversa
858 2135 895 2201 in
917 2135 989 2204 tela
1002 2125 1167 2217 ¹ruentes;

342 2263 397 2331 Fit
420 2264 551 2350 fragor:
576 2279 718 2331 oooursu
741 2259 961 2330 tremefactus
983 2264 1085 2330 nutat
1107 2262 1269 2348 olympus.

342 2391 403 2455 Asi
424 2387 481 2454 ubi
503 2386 649 2455 selectas
671 2383 782 2454 media
805 2385 896 2452 inter
920 2385 1010 2452 bella
1032 2385 1221 2472 phalanges
1252 2352 1266 2374 '

343 2513 417 2596 ipse
438 2511 547 2595 agito,
571 2527 687 2577 rumor
708 2509 924 2595 pugnantum
946 2508 1055 2592 surgit
1076 2509 1121 2576 ad
1143 2509 1298 2578 aethram

229 2639 297 2706 570
342 2641 479 2722 Ingens,
502 2637 707 2722 immensus,
731 2639 947 2724 luctaturque
970 2636 1108 2722 agmine
1132 2655 1268 2722 magno.

343 2763 620 2850 Quandoquidem
643 2764 749 2832 Satan
773 2763 955 2832 fortissima
977 2762 1098 2864 robora
1121 2765 1245 2830 nostris

343 2889 481 2972 Obiioit,
504 2889 702 2976 ingeniique
725 2887 928 2958 vaferrimus
950 2888 1062 2956 exerit
1083 2905 1218 2972 omnes,

344 3021 385 3084 nt
408 3016 538 3085 validas
560 3018 702 3085 dextrae
725 3017 816 3084 vires
839 3019 943 3102 atque
967 3015 1120 3082 intremit
1140 3017 1201 3082 ira.

344 3143 442 3210 Hand
463 3160 560 3212 secus
581 3143 757 3225 immanis,
780 3143 892 3211 rabies
913 3160 1013 3229 quem
1037 3141 1128 3227 oogit
1150 3142 1287 3220 edendi,

232 3272 299 3336 515
344 3269 474 3336 Deserit
495 3273 597 3336 antra
618 3269 683 3351 leo,
707 3267 846 3355 pedibus
869 3285 990 3337 nemus
1012 3286 1114 3336 omne
1137 3273 1292 3355 pererrat
1371 3303 1379 3314 ·

343 3394 573 3481 Praerapidis,
597 3397 801 3481 quassatque
823 3395 937 3477 iubas,
962 3393 1078 3462 tremit
1099 3413 1157 3463 ore
1181 3396 1342 3476 cruento;

344 3519 396 3586 Sic
419 3519 525 3586 Satan
548 3520 649 3602 urget
670 3518 794 3600 socios,
819 3521 855 3586 et
878 3519 962 3586 talia
984 3518 1092 3586 satur:

344 3643 553 3728 Magnanimi
576 3662 596 3709 o
619 3643 712 3709 cives
734 3642 839 3724 caeli,
862 3643 890 3711 si
913 3644 1022 3728 gloria
1045 3643 1190 3730 quando,

345 3770 376 3836 Si
399 3786 461 3835 vos
483 3768 596 3853 tangit
618 3767 741 3848 honoS,
766 3785 877 3854 genus
898 3768 969 3837 alto
991 3787 1011 3836 e
1034 3768 1189 3854 germine
1213 3770 1345 3849 divum,

233 3895 300 3962 580
345 3892 426 3968 Quis
448 3893 616 3974 vestrum,
639 3892 784 3976 genibus
806 3891 939 3978 positis,
963 3894 1183 3976 procumbere
1207 3891 1336 3960 formae

344 4018 478 4087 Mortaii
501 4018 627 4104 vilique
652 4018 762 4086 ierat?
783 4037 853 4086 non
875 4017 1000 4085 sufficit
1023 4036 1110 4086 unus

345 4147 550 4216 Caelicolum
573 4148 681 4217 Deus?
704 4148 847 4232 indigna
868 4151 930 4216 sub
952 4149 1104 4233 imagine
1126 4152 1275 4218 Gnatum

344 4275 506 4360 cogimur
527 4279 563 4342 et
584 4274 718 4342 coleret
740 4275 936 4342 infandum!
962 4292 1027 4342 nee
1048 4277 1166 4360 postea
1189 4275 1288 4343 detnr

346 4401 519 4469 Libertate
542 4399 628 4468 fruit
649 4401 739 4469 servi
762 4401 932 4487 patiemur
954 4400 1072 4485 iniquo

233 4528 301 4592 585
345 4525 492 4593 Subdere
515 4525 603 4593 oolla
625 4526 705 4610 iugo
726 4529 763 4594 et
786 4526 916 4612 palmas
937 4524 1150 4610 obstringere
1173 4523 1312 4590 vinclis?
