3472 5360
661 559 774 611 LIBER
797 560 931 610 PRIMVS

301 687 370 752 hut
393 685 504 772 lapide
530 688 592 753 aut
616 686 706 754 ferro
736 688 797 753 aut
819 687 933 754 exciso
957 686 1075 754 robore
1098 686 1213 755 silvae.

301 812 546 880 luxuriantem
575 813 684 899 epulis
706 814 842 883 turbam
873 811 1077 898 fremituque
1100 813 1270 881 ilnentem

303 936 459 1004 Incendit
481 937 640 1024 princeps
662 937 771 1022 erebi,
795 955 980 1024 regemque
1001 940 1183 1025 superbum

302 1063 469 1147 spernere
492 1062 568 1128 iura
593 1061 652 1130 Dei
683 1061 907 1147 dextramque
930 1061 1095 1130 lacessere
1117 1063 1246 1130 suadet.

191 1186 257 1254 490
302 1186 362 1255 Ille
385 1187 491 1273 igitur
512 1186 619 1255 multo
641 1187 708 1254 iam
732 1190 805 1254 tum
826 1186 1034 1256 temulentus
1063 1188 1181 1256 iaccho

303 1311 418 1379 Aurea
439 1329 535 1394 vasa,
559 1311 619 1378 Dei
642 1310 814 1397 quondam
837 1311 960 1380 decora
981 1312 1111 1398 inclyta
1134 1313 1266 1399 templi,

301 1440 425 1505 Postea
445 1437 619 1524 sacrilegis
642 1437 850 1522 Babylonem
874 1437 1019 1506 abducta
1042 1439 1187 1524 rapinis,

301 1563 422 1631 dlferri
445 1563 555 1644 iubet,
578 1582 619 1630 ae
641 1563 732 1630 vinis
754 1565 924 1631 temerata
945 1565 1095 1632 coronat.

301 1686 499 1773 Exemplum
520 1687 611 1771 regis
633 1705 790 1773 proceres
812 1691 848 1754 et
869 1691 981 1756 scorta
1001 1690 1199 1774 sequuntur.

190 1813 255 1880 495
387 1813 626 1898 Omnipotens,
649 1812 732 1881 solio
755 1812 886 1880 caelum
909 1813 967 1899 qui
989 1815 1122 1900 spectat
1144 1813 1187 1881 ab
1209 1815 1301 1899 alto,

299 1941 340 2004 Et
363 1942 505 2023 pontum
535 1940 570 2005 et
593 1939 702 2004 terres
731 1940 768 2005 et
793 1940 965 2022 temperat
986 1919 1101 2006 omnia
1124 1942 1231 2022 nutu,

300 2059 367 2127 Vix
387 2075 473 2126 ausu
495 2057 580 2125 vidit
600 2058 758 2127 scelerati
780 2076 863 2127 vasa
885 2059 1045 2147 profano,

298 2181 495 2264 Intremuit,
526 2179 709 2267 magnique
732 2181 860 2248 exarsit
883 2182 1030 2267 pectoris
1051 2185 1111 2251 ira.
1167 2216 1171 2223 ·

298 2305 473 2392 Aligerum
496 2304 677 2391 compellat
699 2304 824 2390 Hirim,
848 2306 905 2393 qui
927 2307 1018 2374 dicta
1040 2308 1205 2377 facessat:

187 2433 253 2497 500
297 2431 525 2515 IBabylona,
548 2429 677 2515 inquit,
701 2430 839 2518 regique
863 2430 1001 2500 indicito
1024 2433 1129 2502 cledis

298 2556 503 2641 impendens
526 2556 644 2623 iatum.
668 2556 787 2623 Daniel
809 2556 980 2642 intelliget
1003 2577 1110 2641 unus,

299 2681 482 2766 Virgineus
504 2681 638 2764 Daniel,
662 2681 866 2750 Baithassari
890 2685 927 2750 et
948 2684 1085 2752 horrida
1104 2688 1240 2772 pandet.

299 2807 445 2893 Fulgore
468 2810 542 2874 tum
564 2806 662 2875 citior
684 2807 810 2893 rapidis
831 2811 922 2876 Puer
942 2811 1085 2879 aethera
1105 2816 1228 2898 pennis

298 2933 460 3001 Pervolat
481 2933 638 3018 ignotus,
663 2933 953 3022 bacchantemque
975 2937 1117 3006 advenit
1138 2941 1262 3009 aulam.

188 3058 253 3123 505
297 3057 339 3124 Et
360 3056 471 3125 subito
493 3059 661 3143 apparent
683 3058 798 3144 digiti,
822 3061 975 3128 mirabile
998 3061 1108 3130 dictu!

297 3181 462 3247 Horresco
484 3178 654 3264 reserens,
688 3182 875 3250 scribentes
897 3185 1028 3269 pariete
1049 3203 1196 3271 summo,

300 3307 408 3383 Quem
430 3308 545 3392 procul
568 3308 718 3376 adversis
740 3309 941 3377 collustrant
963 3311 1091 3379 lumine
1115 3314 1238 3397 lychni.

294 3431 449 3517 Obriguit
472 3449 551 3514 rex,
574 3433 676 3517 atque
699 3431 817 3501 obtutu
840 3433 979 3501 territus
1001 3435 1118 3503 haesit

298 3557 541 3625 Contremuere
564 3575 697 3640 omnes,
721 3577 915 3646 arcanaque
937 3579 1037 3629 sensa
1059 3561 1260 3650 reposcunt,

187 3685 251 3751 510
296 3681 463 3750 Territlcis
484 3683 658 3752 obstructa
679 3685 777 3753 notis.
801 3685 1031 3775 Satrepaeque
1058 3689 1216 3778 magique

298 3810 341 3875 Et
361 3808 571 3876 coniectores
592 3809 684 3876 omni
707 3827 727 3878 e
758 3810 898 3896 regione
921 3815 1108 3898 vocantur;

297 3934 361 4010 Qui
383 3951 482 4002 cursu
503 3937 673 4001 astrorum
695 3934 861 4005 humanos
882 3957 1105 4024 praenoscere
1128 3960 1225 4010 casus

297 4061 399 4127 Posse
422 4061 562 4144 putant,
586 4058 680 4127 dirae
702 4079 763 4128 seu
785 4063 842 4147 qui
866 4065 1064 4134 cantamina
1084 4066 1222 4153 linguae

299 4185 467 4252 Exercent
494 4201 555 4252 seu
576 4185 633 4270 qui
656 4186 758 4254 libras
779 4188 947 4256 rimantur
969 4193 1005 4258 et
1027 4198 1107 4259 exta

183 4317 248 4383 515
293 4313 445 4381 Alituum
473 4311 716 4401 pecudumque.
751 4315 820 4382 Illis
852 4315 942 4402 riget
964 4297 1094 4404 hispida
1118 4322 1234 4387 mento

296 4440 447 4508 Plurima
469 4440 595 4508 barba:
625 4439 715 4508 latus
736 4441 894 4528 strophiis
916 4445 952 4511 et
973 4463 1115 4529 corpora
1137 4446 1236 4532 pullis

296 4566 455 4636 Vestibus
476 4567 664 4651 obducunt,
687 4570 838 4638 cornutis
859 4569 930 4638 alta
952 4569 1048 4638 tiaris
