3564 5376
346 474 389 541 96
830 489 1070 542 nemausinos

345 617 412 683 390
456 616 584 684 Insedit
605 616 709 685 solio:
732 615 806 684 lluit
827 617 918 704 ignis
940 619 983 684 ab
1006 635 1065 685 ore
1088 617 1279 703 loquentis,

456 742 500 808 Ut
521 739 658 826 rapidus
679 743 833 810 torrens:
857 741 906 809 illi
928 744 1079 811 centena
1101 742 1300 810 ministrant

456 867 604 952 Agmina
626 867 840 952 caelicolum,
872 870 1089 955 centenaque
1112 867 1218 936 millia
1240 871 1371 954 parent.

455 993 619 1062 Iudicium
640 994 759 1079 stetit,
781 997 819 1062 et
840 997 982 1081 patuere
1003 994 1200 1077 volumina3
1223 1011 1329 1062 cornu

318 1199 329 1220 .
456 1116 723 1205 Grandiloqnum
745 1121 900 1202 resonat;
923 1119 1069 1187 crudelis
1092 1118 1204 1188 bellua
1226 1119 1296 1186 leto

344 1243 410 1307 305
454 1242 600 1326 Occidit,
624 1247 835 1330 aeternoque
853 1244 956 1312 datur
976 1243 1168 1312 comburier
1189 1242 1272 1328 igni.

318 1377 320 1382 '
454 1367 543 1445 Quin
565 1368 643 1436 eliis
663 1369 769 1437 etiam
791 1368 952 1438 monstris
973 1368 1118 1454 abrepta
1147 1368 1316 1454 potestas,

456 1493 628 1580 Abreptae
651 1493 741 1562 vires
768 1496 1017 1580 numerataque
1047 1496 1203 1578 tempora
1236 1493 1339 1561 vilae.

543 1618 639 1687 Talia
660 1619 742 1686 dum
763 1620 901 1706 stupeo,
924 1637 970 1686 en
991 1619 1148 1686 invectus
1169 1618 1244 1687 luce
1266 1635 1405 1685 corusca

455 1747 594 1814 Labitur
615 1745 796 1828 aetheriis,
820 1745 968 1814 hominis
991 1746 1086 1831 quasi
1108 1744 1215 1829 tilius,
1238 1745 1306 1813 oris
1313 1762 1324 1827 3

347 1873 409 1936 400
454 1871 673 1956 Pennigerae
694 1873 835 1940 centnm
857 1871 985 1939 circum
1011 1873 1220 1957 centumque
1243 1869 1440 1956 phalanges

454 1997 498 2064 Ut
519 1997 617 2064 stetit
638 1999 722 2065 ante
744 1996 856 2064 virum
878 1995 1049 2081 longaeva
1069 1997 1186 2064 aetate
1209 1994 1413 2076 verendum,

453 2122 579 2209 Incipit
599 2122 680 2190 Iste:
704 2122 766 2191 tibi
788 2122 875 2191 caeli
897 2123 1079 2209 terraeque
1103 2120 1272 2208 marisque

452 2249 636 2334 Imperium
657 2247 732 2317 sine
755 2248 825 2316 line
848 2249 983 2331 datum,
1014 2248 1077 2316 tibi
1099 2266 1233 2317 summa
1255 2249 1406 2334 potestas

455 2375 492 2439 In
517 2372 659 2458 populos
682 2371 768 2472 late,
793 2389 1026 2458 magnumque
1047 2373 1084 2439 in
1106 2372 1244 2440 saecula
1266 2387 1402 2439 nomen.

344 2499 409 2562 405
456 2497 614 2566 Dixerat:
637 2497 824 2574 intrudere,
842 2497 927 2583 poli,
951 2497 1221 2583 tremefactaque
1244 2495 1345 2564 tellus

454 2619 671 2704 Cardinibus;
694 2621 793 2707 proni
817 2619 941 2690 taciem
963 2621 1156 2690 velantibus
1178 2621 1240 2689 alb

452 2745 625 2814 Caelestes
652 2745 792 2816 fremitu
824 2748 925 2816 dmul
947 2764 1125 2817 assensere
1147 2748 1314 2816 cohortes

454 2872 499 2938 ut
521 2889 576 2939 me
598 2875 800 2941 cernentem
822 2873 953 2942 subitus
975 2874 1200 2945 circumstetit
1222 2873 1359 2955 horror,

454 2995 622 3073 Quidnam
645 2997 719 3066 visa
741 2997 856 3066 ferant
879 2998 1064 3085 trepidanti
1087 3015 1172 3066 voce
1194 3015 1344 3084 reposco.

344 3121 408 3186 410
453 3121 619 3190 Panditur
640 3140 824 3190 arcanum:
849 3127 997 3211 quatuor
1018 3141 1099 3192 nam
1122 3126 1274 3191 monstra
1297 3121 1446 3192 serarum

452 3246 538 3314 Sunt
559 3252 706 3333 quatuor
727 3249 829 3318 terris
851 3267 938 3337 quae
960 3255 1105 3336 surgent
1126 3249 1245 3317 ordine
1272 3265 1401 3334 regna;

388 3425 392 3436 .
453 3371 556 3459 Atqui
580 3377 789 3459 postremum
812 3376 928 3462 regnis
951 3377 1059 3460 magis
1080 3376 1237 3443 omnibus
1260 3391 1366 3442 unum

452 3501 596 3583 Ingens,
620 3500 855 3585 praevalidum
878 3505 951 3570 toto
969 3501 1199 3570 dominabitur
1221 3502 1312 3569 orbe.

451 3628 587 3695 cornua
608 3625 715 3710 dena,
739 3626 858 3696 decem
880 3645 997 3714 reges,
1021 3627 1079 3715 qui
1101 3627 1225 3697 deinde
1248 3631 1452 3714 sequentur,

342 3753 408 3820 415
453 3754 662 3835 Ostendunt3
697 3771 785 3822 unus
806 3755 865 3822 scd
888 3755 1022 3822 cunctis
1044 3754 1163 3822 fortior
1186 3757 1223 3824 el
1244 3757 1315 3823 tres

454 3878 644 3947 Prosternit
667 3897 782 3964 reges,
807 3881 843 3947 et
864 3879 901 3946 in
925 3880 1035 3965 ipsum
1055 3883 1171 3949 mente
1193 3880 1339 3966 superba

452 4003 630 4070 Invehitur
653 4003 807 4086 Numen,
831 4005 1010 4088 perturbat
1031 4005 1068 4070 et
1089 4003 1205 4070 omnia
1227 4003 1346 4083 terris3

451 4127 515 4195 Sed
539 4127 680 4195 tandem
701 4129 739 4194 in
761 4131 884 4196 tenues
906 4128 1016 4196 victus
1037 4128 1197 4196 dilabitur
1219 4147 1330 4196 auras

452 4255 533 4320 Post
554 4253 640 4322 haec
663 4254 861 4339 imperium,
885 4253 980 4321 nullo
1003 4254 1092 4340 quod
1114 4257 1251 4322 corruet
1271 4271 1379 4336 aevo,

341 4379 406 4446 420
451 4377 606 4464 Egregiis
628 4379 755 4447 virtute
779 4379 860 4447 vlris
881 4379 1077 4466 sanctisque
1099 4381 1275 4450 tributum.

449 4503 612 4572 Concidet
634 4504 831 4589 imperium,
854 4505 993 4573 simulat
1015 4505 1105 4592 quod
1128 4505 1237 4575 sorma
1258 4508 1423 4589 leaenae,
