3472 5360
288 477 351 545 146
770 491 1008 546 oauraunmos

395 618 483 687 Acar
505 616 583 703 init,
608 618 703 686 lbriis
724 616 850 687 ardens
889 619 993 704 atque
1016 617 1143 703 impete
1167 635 1292 703 magno

285 745 350 810 455
393 741 614 826 cornigeram
637 740 766 826 trangit
790 741 960 810 frontem:
991 738 1165 808 revolutus
1186 757 1294 808 arana

395 865 577 944 1161666166,
602 883 727 934 vacuas
746 865 797 933 vis
817 865 929 934 omnis
950 865 1057 934 abivit
1080 865 1117 931 iu
1139 883 1250 934 auras.

392 989 538 1075 Corpore
561 991 634 1057 tum
656 989 779 1074 grandi
801 1005 1017 1058 succrescens
1039 987 1208 1074 rumpitur
1231 987 1312 1056 hirci

392 1115 505 1183 Cornu
526 1114 669 1198 ingens:
693 1116 830 1201 ruptum
853 1118 1000 1200 quatuor
1020 1111 1079 1181 sed
1102 1130 1232 1181 cornua
1253 1112 1367 1199 gignit

393 1241 443 1307 Ad
465 1241 611 1326 quatuor
632 1239 719 1308 caeli
743 1242 880 1320 ventos;
903 1255 1047 1325 quorum
1071 1237 1194 1306 extulit
1216 1255 1322 1306 unum

285 1367 350 1433 460
394 1363 577 1432 Sublimem
600 1363 765 1446 lmntem,
797 1367 967 1431 terrarum
989 1365 1026 1431 et
1048 1361 1151 1431 tortia
1172 1362 1255 1431 vicit
1262 1381 1273 1445 ;

395 1487 578 1574 Sideraque
600 1506 818 1574 aggressum,
840 1489 996 1556 sanctam
1021 1485 1144 1556 deiecit
1165 1489 1203 1555 61
1225 1485 1354 1556 aedem.

396 1613 490 1682 Talia
513 1613 721 1698 prospiciens
741 1612 941 1695 haerebam,
960 1611 1144 1698 animoque
1166 1611 1339 1698 agitabam

395 1738 538 1821 Ignarus
558 1733 639 1820 quid
661 1737 816 1802 monstra
837 1734 971 1802 lerant:
993 1734 1052 1804 sed
1076 1733 1185 1802 forma
1206 1735 1348 1820 repente

394 1861 483 1928 Nota
504 1858 568 1925 viri
591 1858 760 1940 obiicitur,
785 1875 917 1946 voxque
940 1857 1026 1928 haec
1048 1857 1131 1926 milui
1154 1857 1263 1927 fertur
1284 1857 1329 1926 ad
1351 1875 1469 1926 aures:

284 1986 349 2052 465
393 1983 593 2068 0116116161,
617 1984 726 2052 visum
749 1984 889 2072 pandas
913 1983 1106 2051 Formidine
1130 1985 1249 2068 captus

393 2109 539 2195 Dirigui,
562 2108 735 2195 cecidique
759 2113 910 2178 tremens
930 2109 1142 2196 genibusque
1162 2109 1302 2178 solutis:

396 2234 543 2320 Porrigit
564 2234 621 2302 ille
644 2251 801 2318 manum,
832 2233 959 2321 plantis
981 2236 1018 2303 et
1039 2253 1180 2321 corpore
1203 2237 1275 2304 toto

359 2373 364 2384 ·
396 2358 530 2443 Erigor,
553 2361 590 2426 et
613 2357 704 2426 sacili
726 2357 863 2426 Gabriel
885 2357 933 2425 sic
955 2358 1075 2444 incipit
1096 2377 1176 2426 ore:

397 2487 470 2553 lter
493 2486 673 2552 Persarum
695 2483 803 2567 aries,
827 2484 1033 2553 Graecorum
1057 2487 1110 2552 est
1132 2484 1252 2552 sortior
1275 2485 1403 2566 hircus,

286 2614 350 2676 470
396 2612 503 2686 Quem
525 2609 664 2677 simulat
692 2609 839 2695 positum
859 2608 1001 2695 gemina
1022 2608 1114 2677 inter
1137 2609 1267 2678 lumina
1289 2627 1403 2677 cornu.

395 2738 438 2802 lt
461 2753 542 2803 vero
563 2735 759 2803 Arsacidum
781 2737 925 2822 surgent
946 2738 1017 2803 1666
1038 2735 1157 2804 ordine
1181 2754 1294 2820 regeS,

394 2867 541 2938 Quorum
564 2861 630 2928 erit
652 2876 740 2928 unus
761 2879 863 2946 opum
886 2861 981 2928 dives
1001 2861 1201 2948 pollensque
1223 2861 1395 2948 quadrigis

394 2987 590 3074 belligeris:
619 2987 734 3056 Asiam
756 2988 791 3054 in
814 2990 963 3057 Graecos
983 2987 1053 3056 ciet
1075 2988 1215 3056 ultimus
1235 3007 1381 3058 omnem.

395 3116 596 3182 Innumeros
618 3113 710 3182 acies
730 3113 816 3198 agit,
840 3113 1032 3184 infelicibus
1053 3115 1145 3184 66616
1152 3133 1161 3198 ;

285 3247 349 3310 475
395 3245 534 3310 Fractus
556 3241 649 3309 enim
672 3259 790 3328 pugna
812 3242 901 3326 ruit,
932 3244 969 3310 61
990 3221 1193 3312 ¹fortissimus
1216 3243 1294 3312 inde

395 3368 630 3454 Subsequitur,
654 3385 722 3453 quo
743 3385 858 3436 coram
873 3369 984 3438 omnis
1005 3370 1208 3440 tremefacta
1230 3369 1308 3438 silet
1330 3388 1424 3455 gens

395 3489 460 3560 Sed
481 3491 644 3578 quidnam
667 3489 799 3558 firmum
824 3491 948 3560 terris?
970 3493 1061 3578 rapit
1082 3494 1198 3562 omnia
1220 3499 1362 3582 tempus.

393 3617 562 3686 Continuo
584 3617 674 3703 sugit
695 3617 772 3700 ille,
797 3618 874 3703 polo
897 3619 991 3687 velut
1014 3620 1140 3689 emicat
1162 3621 1273 3707 ignis3

395 3743 562 3817 Quattuor
585 3740 619 3806 in
642 3743 759 3826 partes
780 3758 925 3826 regnum
948 3742 1136 3828 laceratur,
1168 3748 1204 3812 61
1227 3746 1315 3814 ultra

285 3868 350 3932 486
395 3864 512 3933 Nullus
532 3867 630 3934 adest
652 3865 747 3934 ducis
769 3867 887 3936 invicti
907 3867 949 3936 de
972 3869 1247 3944 seminecretus
1317 3839 1321 3848 '

394 3993 561 4068 Quattuor
583 3991 662 4058 binc
685 3995 785 4078 rupto
806 4010 927 4076 cornn‚·
950 4011 1031 4062 nam
1054 3999 1214 4082 quattuor
1236 3997 1315 4066 inde

397 4119 575 4202 Exurgunt
597 4135 711 4202 reges,
735 4119 833 4204 parili
855 4137 926 4187 non
949 4121 1069 4190 robore
1092 4121 1205 4190 fortes.

397 4243 490 4311 Unus
512 4243 594 4326 erit,
619 4242 762 4330 propriis
784 4262 999 4332 nequaquam
1022 4247 1150 4316 viribus
1171 4249 1299 4332 audax,

286 4408 288 4412 -
394 4371 432 4436 ln
456 4367 590 4452 ludam,
613 4367 779 4452 crudelis,
802 4369 1021 4439 inexorabilis
1044 4373 1158 4441 hostia

285 4497 350 4562 485
393 4493 540 4563 Callidus
563 4493 629 4563 heu
652 4499 798 4582 quantos
820 4494 932 4566 luctus
954 4498 1152 4586 clademque
1175 4499 1298 4569 ciebit!
