3560 5368
686 541 798 593 urnnn
821 543 1002 594 sncvnnvs
1363 535 1428 600 aba

324 673 541 740 Servatorem
564 669 738 737 hominum
762 669 982 754 praetingunt
1005 671 1189 754 grandibus
1210 675 1317 750 actis;

326 797 368 864 Et
391 799 487 864 vates
508 796 564 863 dia
586 794 693 862 afflati
717 793 774 879 qui
798 793 940 863 caelitus
961 813 1046 862 aura

324 924 497 989 Eventura
520 921 670 1001 canunt,
694 919 835 1004 coeptus
857 919 1077 1006 Hominisque
1101 921 1248 1008 Deique,

326 1044 496 1132 Supplicia
518 1047 555 1111 et
577 1045 722 1111 mortem
745 1041 912 1114 immitem
935 1046 972 1112 et
994 1045 1158 1114 miracula
1180 1066 1303 1115 rerum.

219 1175 281 1238 170
325 1171 387 1236 Hic
409 1175 446 1236 et
469 1168 545 1255 qui,
570 1167 670 1253 primi
693 1167 736 1233 ob
758 1165 867 1234 scelus
889 1168 1028 1236 exitiale
1051 1173 1225 1254 parentis,

325 1296 495 1362 Arceutur
516 1292 613 1360 caelo
635 1291 732 1378 pueri
756 1291 888 1360 ratione
912 1296 1089 1376 carentes,

325 1421 480 1506 Quotque
503 1437 599 1487 suam
622 1418 788 1486 claudunt
809 1418 879 1486 ullu
900 1418 974 1487 sine
997 1421 1141 1489 crimine
1164 1424 1281 1492 vitam.

325 1546 488 1613 Omnibus
509 1543 600 1612 idem
622 1544 724 1610 ardor
744 1560 972 1629 superumque
995 1550 1131 1615 arrecta
1154 1549 1295 1635 cupido,

324 1673 393 1740 Ceu
416 1688 502 1755 grex
524 1686 727 1751 cervorum,
752 1686 854 1754 quem
877 1667 979 1752 lungo
1002 1689 1117 1739 errore
1141 1673 1273 1740 viarum

217 1799 278 1864 115
323 1797 472 1882 Impiger
493 1798 529 1862 et
552 1794 655 1863 celeri
679 1811 778 1861 cursu
800 1793 1007 1881 canibusque
1031 1796 1156 1882 fatigat
1290 1769 1292 1774 ¹

324 1921 498 2003 Venator,
521 1920 641 1988 sitiens
664 1919 830 2005 frigentes
851 1921 985 2006 expetit
1005 1921 1123 1990 undas.

323 2047 395 2113 Huc
418 2044 529 2113 laetus
552 2045 664 2112 tendit
686 2044 842 2113 Gabriel:
867 2046 926 2112 vix
949 2049 1049 2132 paret
1071 2049 1107 2114 in
1130 2052 1252 2132 antro,

321 2171 431 2239 Gestit
453 2171 629 2257 quisquam
654 2170 777 2238 animis
799 2173 835 2238 et
857 2171 917 2239 lux
939 2171 1076 2241 insueta
1098 2173 1267 2259 refulget:

323 2299 533 2382 Obstupuere
556 2314 675 2363 omnes
699 2298 793 2378 visu,
817 2315 908 2365 nova
929 2299 1057 2384 gaudia
1079 2303 1213 2368 mentes

215 2427 278 2491 180
323 2425 549 2505 pertentant,
573 2423 800 2509 iuvenemque
823 2423 881 2490 citi
905 2424 1023 2492 stricto
1045 2425 1184 2510 agmine
1207 2426 1362 2512 cingunt.

325 2551 423 2617 Nunc
446 2567 598 2616 memora
619 2549 723 2632 mibi,
748 2549 865 2632 Musa,
890 2549 980 2616 viros
1002 2552 1045 2617 ab
1068 2550 1200 2634 urigine
1223 2553 1341 2618 mundi

324 2676 474 2744 illustres
496 2673 669 2765 quijdena
691 2678 814 2761 quater
837 2695 899 2763 per
920 2677 1057 2745 saecula
1080 2695 1242 2763 magnam

322 2803 462 2870 ,leterni
485 2802 640 2871 Subolem
664 2805 832 2888 praeeunt
854 2803 1053 2888 ingentibus
1075 2805 1174 2873 ausis.

324 2931 454 2996 Primus
477 2930 562 2998 Abel
585 2930 684 3016 primi
709 2931 821 3016 proles
843 2931 985 3000 innoxia
1010 2931 1117 3017 patris

215 3059 277 3124 185
321 3056 509 3142 Aspicitur,
533 3056 641 3124 lectas
662 3074 747 3142 puro
771 3057 829 3143 qui
851 3058 952 3125 corde
976 3057 1131 3126 bidentes

321 3183 429 3250 Offert
451 3181 541 3250 dona
564 3183 634 3250 ileo
654 3181 871 3268 gratinima3
895 3183 1017 3251 lividus
1039 3186 1116 3250 astu

323 3307 438 3375 Uritur
460 3307 541 3373 hinc
562 3307 645 3374 Cain
669 3307 876 3394 fratremque
899 3310 1083 3376 obtruncat
1104 3309 1139 3375 in
1162 3312 1274 3394 arvis,

321 3437 445 3502 Horret
468 3438 505 3501 et
522 3435 677 3501 humano
700 3433 802 3502 tellus
824 3433 955 3503 iniecta
977 3453 1106 3503 cruore.

321 3563 380 3628 Est
402 3561 513 3640 Noas,
538 3558 715 3627 hominum
736 3559 845 3627 iustus
866 3561 918 3626 tet
940 3559 1087 3628 millibus
1109 3577 1216 3641 unus,

215 3687 275 3753 190
321 3685 499 3753 immensis
521 3687 677 3753 servatus
699 3686 817 3772 aquis,
841 3704 945 3773 quum
968 3704 987 3752 e
1012 3686 1157 3754 nubibus
1179 3688 1287 3755 imber

322 3813 484 3880 Immanis
506 3812 575 3879 ruit
596 3816 633 3880 et
656 3813 768 3881 tontes
790 3813 995 3899 rumpuntur
1017 3813 1150 3899 abyssi,

321 3939 543 4024 culminaque
565 3939 681 4007 effusis
701 3939 874 4007 abduntur
896 3941 986 4008 celsa
1008 3941 1071 4007 sub
1094 3940 1213 4024 undis,

325 4066 398 4132 Ulla
420 4083 485 4132 nec
507 4069 652 4152 apparet
673 4064 795 4148 tellus,
819 4065 951 4133 caelum
974 4065 1122 4151 undique
1146 4067 1182 4132 et
1204 4067 1321 4134 altum.

322 4191 609 4260 Melchisedecbus
630 4189 748 4274 adest,
771 4189 878 4276 regali
901 4208 921 4256 e
943 4191 1047 4275 stirpe
1070 4189 1246 4274 sacerdeS,
1409 4167 1411 4172 ⁵

212 4319 275 4384 195
320 4317 429 4385 Thare
452 4320 546 4385 satus
568 4335 682 4385 comes
704 4319 756 4385 est
779 4319 815 4385 et
838 4317 972 4386 loedere
996 4317 1132 4385 iunctus
1153 4318 1284 4387 amico:

319 4443 445 4511 Obvius
466 4443 564 4526 huic,
589 4447 719 4512 turmas
740 4444 850 4512 victor
872 4447 1050 4531 postquam
1073 4444 1131 4511 ille
1155 4443 1291 4529 fugarat
1342 4497 1347 4502 .

320 4570 508 4652 Adversas,
532 4587 728 4656 summoque
754 4571 822 4637 Deo
845 4569 993 4638 cerealia
1014 4569 1084 4640 liba
