3576 5376
484 765 486 774 .
521 729 566 780 blo
590 727 731 779 senous
754 727 986 779 MARTYRIBVS
1008 727 1221 779 SEBASTENIS

460 1493 671 1580 Magnanimi
693 1495 838 1575 Hemes,
861 1492 985 1562 christi
1008 1493 1065 1580 qui
1087 1492 1187 1578 signa
1208 1491 1315 1560 secuti

370 1618 537 1686 Invictam
560 1622 703 1687 tenuere
725 1617 848 1701 fldem,
871 1619 1067 1704 clarumque
1090 1617 1228 1685 Sebaste
1250 1617 1284 1674 (ll

368 1741 550 1828 Sanguinis
570 1741 719 1827 auspicio
742 1760 905 1828 peperere
929 1743 965 1809 in
988 1741 1125 1810 saecula
1147 1757 1296 1824 nomen,

366 1867 532 1935 Aesiadae
555 1868 738 1935 nunciam
761 1866 918 1938 dicantur
938 1867 1090 1936 carmine
1114 1865 1231 1934 Musae
1261 1865 1304 1932 (2).

302 1989 325 2055 5
455 1990 598 2076 Spiritus
618 1991 726 2072 alme,
750 1992 809 2057 tuo
830 1990 859 2057 si
881 1989 1016 2076 quando
1039 2006 1180 2058 munere
1205 1989 1315 2056 virtus

367 2112 488 2201 Aegris
510 2117 608 2183 tanta
628 2115 725 2184 sedet
747 2114 964 2199 mortalibus,
987 2131 1102 2182 annue
1125 2114 1216 2198 vati,

367 2240 452 2307 Dum
472 2241 568 2318 canit
590 2241 749 2324 ingentes
770 2211 871 2308 ausus
893 2243 930 2308 et
952 2239 1054 2307 fortia
1077 2237 1186 2323 lacta,

365 2363 571 2435 Christianae
592 2366 684 2434 inter
705 2366 845 2452 longum
867 2365 1089 2434 memoranda
1111 2382 1172 2450 per
1194 2382 1327 2434 aevum.

455 2490 635 2576 Tempore,
661 2507 727 2576 qno
749 2489 886 2558 Licinus
907 2489 1040 2557 romani
1062 2492 1197 2576 sceptra
1218 2489 1362 2556 tenebat

282 2612 322 2678 10
366 2612 501 2697 Imperii
524 2612 573 2697 (3),
596 2613 687 2698 legio
708 2613 827 2681 studiis
848 2613 1016 2682 acerrima
1038 2612 1116 2680 belli

368 2733 579 2822 (Fulmineae
602 2736 681 2804 hoie
703 2735 842 2822 nomen)
866 2735 1027 2805 florentes
1048 2737 1192 2821 occupat
1214 2733 1315 2802 urbes

368 2858 569 2944 Armeniae,
592 2860 828 2946 Christumque
850 2859 947 2942 colit,
971 2858 1179 2946 delubraque
1202 2859 1317 2925 divum

365 2985 501 3070 Spernit
523 2987 560 3053 et
581 2983 731 3054 infandis
752 3003 928 3072 nunquam
949 3005 987 3054 se
1008 2985 1129 3071 polluit
1149 2985 1227 3053 aris.

363 3108 449 3186 Quid
472 3112 584 3194 posset
605 3109 733 3194 pietate
756 3109 836 3177 olim
857 3127 995 3178 sensere
1016 3108 1183 3192 Quirites,

279 3234 319 3300 15
362 3233 518 3302 Aeneum
542 3235 598 3302 ubi
620 3235 753 3303 eaelum
775 3235 967 3302 sitientibus
989 3237 1141 3320 abnegat
1162 3234 1305 3300 undam:

362 3357 425 3426 Illa
445 3376 565 3444 preces
585 3358 717 3427 cbristo
742 3358 870 3442 lbndil,
893 3359 999 3426 micat
1020 3358 1114 3426 ilicet
1134 3375 1216 3441 aer,

364 3483 534 3570 nouoque
557 3487 661 3552 ruunt
684 3483 820 3552 tumidis
842 3485 1029 3552 anubibus
1051 3483 1185 3552 imbres.

363 3607 549 3676 Romuleae
571 3609 732 3694 portenta
754 3608 814 3676 Dei
837 3626 965 3676 novere
988 3610 1161 3688 cohorter,

363 3731 465 3801 Novit
486 3749 594 3800 orans
616 3731 684 3799 dux
706 3733 800 3818 ipse,
822 3735 941 3818 optato
963 3735 1000 3801 et
1020 3732 1159 3800 flumine
1180 3732 1328 3817 gaudet:

272 3855 316 3924 20
361 3857 460 3924 Nunc
482 3856 588 3924 etiam
610 3858 697 3924 baec
719 3859 912 3925 memorant
934 3856 1051 3925 Aureli
1073 3859 1172 3942 gesta
1194 3857 1371 3925 columnae
1388 3857 1435 3922 (⁴).

360 3980 473 4066 Talia,
495 3982 555 4049 sed
577 3981 730 4062 Licinus,
754 3999 960 4069 quamquem
983 3983 1147 4050 miracula
1169 4000 1284 4052 rernm

361 4103 544 4188 Eniteant,
568 4104 737 4173 benefacti
759 4105 883 4174 oblitus
904 4124 1008 4174 saeva
1030 4107 1181 4175 minatur

362 4227 539 4312 Militibus,
561 4227 589 4294 si
612 4229 690 4295 tura
712 4228 775 4296 diis
796 4228 933 4298 adolere
954 4233 1130 4315 recusent,

360 4352 435 4421 Heu
457 4369 554 4422 meus
575 4354 696 4422 caeca!
722 4355 841 4422 Virum
863 4373 984 4424 manus
1006 4356 1183 4442 indignate
1207 4355 1366 4443 profanos

271 4476 315 4544 25
358 4479 529 4547 Horrescit
550 4480 636 4548 ritus
656 4481 760 4568 atque
782 4481 888 4568 impia
909 4482 999 4551 iussa
1021 4483 1164 4569 repellit
