3576 5376
307 547 372 612 342
698 555 783 608 rrna
804 555 924 608 onvcrs
947 557 968 608 1.
985 557 1012 608 c.
1029 557 1061 609 n.
1078 557 1112 609 u.

327 670 371 736 25
414 668 490 736 Sint
511 669 571 734 tua
594 667 644 733 tot
665 664 811 744 scelera,
834 665 1036 732 innumerae
1059 667 1142 752 quot
1163 665 1282 735 messis
1302 667 1440 746 aristae,

501 787 618 856 Sidera
639 787 722 872 quot
743 785 847 868 caeli,
868 785 1075 872 poenituisse
1096 790 1151 854 sat
1171 791 1233 856 est

416 918 552 984 Interea
573 929 651 980 mea
672 911 777 998 Virgo
798 910 896 996 gravi
918 909 1076 980 conlecta
1097 911 1211 980 dolore

502 1039 653 1120 Perstat,
676 1037 822 1104 Ioannes
842 1035 1051 1122 evigilatque
1072 1055 1201 1106 comes:

414 1165 526 1233 Anxia
549 1181 630 1232 cura
652 1165 756 1246 negat
779 1159 894 1228 fletus:
917 1163 1059 1244 exorat,
1084 1164 1158 1230 Iesu

328 1294 372 1360 30
502 1289 547 1357 ut
568 1287 734 1354 moriente
756 1284 855 1354 simul
876 1283 982 1371 possit
1002 1287 1040 1352 et
1060 1285 1133 1372 ipsc
1155 1287 1249 1355 mori.

414 1414 503 1483 Hinc
525 1415 577 1497 te,
601 1414 762 1494 Ioannes,
786 1409 866 1478 hinc
888 1411 943 1492 te,
966 1410 1192 1480 moestissima
1213 1413 1339 1498 Mater,

501 1539 563 1606 Hic
586 1537 702 1620 vocat,
725 1537 897 1603 extremos
917 1537 953 1602 et
974 1535 1034 1604 dat
1055 1537 1188 1624 utrique
1210 1556 1319 1606 sonos

414 1667 524 1751 Atque
546 1662 594 1730 illi
616 1661 777 1744 matrem,
801 1662 837 1729 et
858 1661 960 1728 matri
982 1662 1199 1731 commendat
1220 1667 1411 1747 amantem,

502 1791 574 1856 Hoc
595 1802 788 1872 supremum
810 1785 940 1854 homini
961 1785 1066 1854 lenus-
1081 1788 1205 1856 amoris
1226 1792 1311 1858 erat.

328 1918 373 1984 35
416 1915 520 1984 Filius
541 1931 623 1999 ergo
646 1913 782 1998 egomet
804 1914 899 1994 tuus,
922 1931 943 1978 o
964 1912 1156 1982 dulcissima
1179 1915 1300 1999 Virgo,

502 2040 556 2106 Me
580 2034 810 2104 fortunatum!
835 2037 873 2103 tu
895 2033 978 2102 mihi
1000 2039 1112 2105 mater
1133 2038 1208 2104 eris.
1252 2119 1255 2124 Ι

415 2165 464 2230 Tu
486 2179 588 2244 vero,
611 2161 716 2228 Pater
737 2157 972 2244 omnipotens,
995 2150 1061 2227 alr!
1085 2161 1213 2248 respice
1235 2161 1370 2230 Prolem

501 2286 741 2372 Aequaevam,
763 2283 894 2352 nullum
916 2284 1041 2371 quippe
1063 2285 1221 2354 levamen
1244 2285 1363 2368 habet3

415 2413 544 2498 Aspice.
560 2412 603 2480 nt
616 2429 695 2480 ecce
711 2413 849 2512 Patrem
864 2411 894 2478 is
907 2411 1131 2498 compellans,
1147 2411 1231 2495 Cur,
1251 2414 1365 2494 Pater,
1381 2411 1506 2498 inquit,

329 2541 372 2605 40
502 2536 614 2606 Mein
637 2537 742 2606 tantis
765 2536 892 2623 placuit
913 2537 1069 2605 deserere
1092 2557 1196 2625 usque
1221 2537 1338 2606 maliet

416 2663 510 2733 Talia
533 2662 589 2730 vix
613 2661 718 2747 latus,
741 2660 853 2746 gelido
875 2679 979 2748 quum
1000 2681 1139 2748 corpore
1161 2662 1262 2731 sudor

502 2789 643 2874 Largior
664 2789 709 2873 it,
733 2787 848 2857 fauces
869 2789 977 2856 torret
998 2759 1125 2857 anhela
1145 2790 1227 2859 sitis

416 2913 582 2998 Exiguum
602 2912 711 2999 poscit
732 2911 856 2995 laticis,
880 2911 939 2980 sed
960 2910 1127 2980 arundine
1149 2931 1281 2982 summa

504 3039 583 3107 Acri
605 3037 788 3124 porrigitur
808 3037 952 3124 spongia
973 3037 1082 3105 tincta
1103 3056 1206 3107 mero.

331 3169 373 3233 45
417 3167 481 3234 Sed
503 3164 582 3252 qnid
604 3163 714 3231 adhuc
735 3163 876 3232 scelerii
897 3163 1145 3250 complevimus
1167 3165 1301 3249 omnia,
1324 3167 1405 3235 dicit

504 3291 671 3374 Christus,
694 3292 730 3359 et
751 3289 885 3375 ingenti
907 3289 991 3358 talia
1013 3307 1095 3358 voce
1119 3291 1247 3359 refert:

417 3416 542 3503 Accipe
560 3417 747 3503 spirantem
771 3415 859 3486 hanc
875 3415 1041 3498 animam,
1065 3417 1185 3502 Pater,
1208 3420 1245 3486 et
1266 3421 1369 3506 caput
1383 3419 1508 3487 almum

502 3545 587 3610 Dum
609 3543 772 3626 inclinat,
795 3561 891 3612 sacro
912 3561 931 3610 e
954 3559 1094 3627 corpore
1117 3542 1188 3612 vita
1210 3545 1305 3631 fugit

416 3671 577 3739 Actutum
598 3669 805 3737 intremuere
827 3669 912 3756 poli,
934 3668 1139 3756 latebrisque
1159 3671 1334 3756 profundis

330 3798 374 3862 50
505 3794 658 3880 Undique
680 3793 823 3862 terribili
846 3811 1017 3862 murmure
1039 3795 1140 3863 nutat
1162 3795 1294 3864 humus.

421 3921 592 3991 [tissiliunt
613 3919 683 3988 late
707 3937 822 4006 rupes,
844 3920 1077 4009 gemitumque
1098 3921 1313 4009 doloremque

507 4045 621 4129 Elicit,
644 4043 723 4112 irati
744 4043 824 4111 dum
846 4043 961 4113 iremit
982 4047 1074 4113 unda
1096 4047 1208 4116 maris
1288 4043 1292 4048 ’

419 4177 468 4242 Tu
489 4187 639 4260 quoque,
662 4188 760 4238 mons
780 4171 957 4256 myrrhae,
981 4175 1102 4260 tuque,
1126 4192 1146 4241 o
1168 4173 1325 4242 calvaria
1347 4179 1479 4254 cautes,

505 4300 557 4365 Ad
579 4299 737 4365 truncum
759 4297 900 4366 immani
922 4299 1023 4385 rupta
1043 4299 1153 4384 gemis
1175 4301 1345 4369 barathro.

330 4431 374 4496 55
417 4426 542 4494 intima
563 4421 718 4509 quodque
739 4421 834 4491 abdit
854 4422 969 4491 velum
990 4424 1140 4494 sacraria
1163 4427 1281 4512 templi

504 4551 730 4638 Discerptum,
753 4549 867 4636 partes
887 4549 1052 4618 scinditur
1073 4551 1109 4618 in
1131 4551 1303 4636 geminam
