3560 5368
706 533 817 589 LIBER
840 537 974 588 PRIMVS

342 660 492 729 Foedata
514 659 677 742 infando,
702 658 849 729 dumosis
871 661 1009 728 horrida
1030 660 1136 746 spinis

341 785 414 861 Qua
436 783 511 852 loca
532 785 654 852 sancta
676 787 818 870 patent,
850 783 1059 870 disiectaque
1082 787 1175 852 tecta
1197 784 1313 852 ruinis

343 907 502 975 Exoritur
523 906 701 993 planctus,
733 906 814 976 terit
834 907 924 976 altus
943 907 1058 975 sidera
1080 907 1227 990 clamor,

117 1121 124 1130 Ι
232 1033 298 1100 360
344 1031 519 1101 Abscissae
542 1034 675 1116 vestes,
699 1035 815 1119 turpes
836 1034 873 1101 et
897 1032 1036 1118 pulvere
1060 1033 1193 1101 crines:

344 1160 482 1225 Interea
502 1175 568 1244 quo
592 1156 680 1224 bella
701 1160 827 1225 vocant
849 1158 934 1226 daut
957 1175 1086 1224 cornua
1108 1160 1259 1226 cantum.

344 1281 513 1368 Armigeri
537 1281 605 1350 cito
628 1283 793 1368 templum
816 1283 908 1349 inter
930 1281 1066 1350 Davidis
1088 1285 1125 1350 et
1145 1301 1260 1351 arcem

345 1409 464 1476 Castra
486 1407 629 1488 tenent,
653 1408 691 1473 ut
713 1423 797 1492 opus
819 1407 1002 1488 tueantur,
1027 1406 1123 1474 fortis
1144 1406 1243 1475 ludas

342 1530 435 1606 Quod
458 1529 552 1596 iubet
574 1530 729 1596 actutum
752 1527 847 1596 fleri:
872 1545 994 1595 manus
1016 1527 1162 1615 impigre
1185 1531 1316 1614 mystae

232 1657 298 1721 365
343 1656 453 1738 Atque
476 1653 652 1720 hominum
674 1653 802 1720 selecta
824 1652 943 1720 cohors
966 1653 1105 1720 arbusta
1127 1652 1315 1738 rubosque,

343 1779 387 1844 Ut
410 1777 523 1845 nullus
545 1777 677 1844 nemori
699 1776 793 1845 locus
815 1779 876 1844 aut
907 1777 1117 1846 silvestribus
1138 1777 1272 1861 herbis,

346 1904 420 1970 Neu
443 1900 583 1970 delubra
605 1903 706 1970 deum
729 1902 858 1970 relcrat
879 1900 997 1970 domus
1018 1901 1091 1970 alta
1120 1903 1296 1986 Potentis,

344 2027 490 2111 Avellit,
513 2027 670 2113 saxisque
693 2027 801 2094 solum
824 2027 1005 2112 detergere
1029 2029 1148 2096 certat·

344 2151 387 2217 st
408 2153 572 2236 congesta
594 2149 685 2218 foras
699 2149 806 2232 iacit;
836 2152 872 2217 at
894 2167 981 2235 quae
1004 2149 1173 2236 sanguine
1198 2149 1317 2233 foeda,

235 2278 300 2343 :370
345 2279 430 2344 Tota
453 2276 508 2344 ubi
530 2277 712 2363 suppositis
735 2277 928 2345 incenditur
950 2277 1061 2346 hostia
1084 2279 1248 2360 llammis,

347 2403 513 2470 Funditus
533 2421 594 2470 are
617 2402 707 2484 ruit;
734 2402 875 2470 delectis
897 2402 1008 2470 altera
1028 2404 1120 2471 sexis

346 2529 544 2608 Extruitur‚
569 2527 655 2615 quae
679 2527 784 2612 digna
806 2530 875 2594 Deo
899 2526 1061 2597 libamina
1080 2531 1194 2596 sumat

347 2653 538 2738 incestique
562 2655 649 2721 lovis
670 2653 756 2721 ritus
777 2652 951 2721 oblitteret
972 2670 1100 2722 omnes

346 2781 431 2846 Tum
460 2797 699 2865 quoquevasa
720 2779 865 2865 parant,
890 2778 1042 2864 phialas,
1066 2797 1109 2847 ex
1131 2797 1212 2847 acre
1235 2779 1366 2848 lebetas

237 2907 302 2972 375
346 2907 529 2990 Ingentes,
553 2905 782 2991 cyathosque,
806 2921 895 2971 novo
919 2907 955 2971 ct
978 2903 1152 2972 molimine
1176 2902 1349 2990 complent

347 3035 452 3100 Tecta
472 3032 707 3111 sacerdotum,
740 3048 780 3098 ac
802 3029 908 3098 sacris
930 3047 1085 3116 quaeque
1107 3032 1190 3116 apte
1213 3029 1387 3098 ministris.

347 3159 534 3244 Apponunt
557 3174 695 3225 mensae
719 3174 846 3242 panse,
871 3155 1042 3223 funalibus
1065 3154 1155 3240 ignis

348 3289 390 3352 st
411 3284 653 3353 candelabrum
676 3283 859 3351 manifesto
881 3283 1011 3352 lumine
1032 3283 1199 3369 splendet.

347 3412 521 3478 Ornantur
542 3409 683 3478 scutulis
704 3410 845 3495 portae,
868 3407 1064 3494 auratisque
1086 3407 1220 3476 coronis

237 3539 303 3604 380
348 3535 495 3622 Effulget
517 3535 636 3622 templi
660 3534 783 3616 lacies;
808 3537 880 3602 tum
903 3551 1043 3602 carmen
1066 3536 1108 3602 ad
1131 3533 1288 3603 aethram

348 3661 509 3744 Tolhtur,
534 3665 570 3729 et
592 3663 664 3728 toto
686 3660 914 3746 procumbunt
937 3677 1076 3744 corpore
1099 3661 1224 3728 terrae.

346 3787 509 3854 Orantem
531 3785 632 3852 Iudae
657 3784 816 3871 populum
838 3784 1071 3868 supereminet
1094 3784 1186 3852 inter

350 3913 437 3980 Ordo
460 3911 697 3993 sacerdotum,
720 3911 855 3997 proprio
878 3909 1084 3996 spectandus
1104 3910 1253 3992 amictu,

349 4038 538 4106 Levitioum
561 4037 685 4119 decus3
707 4037 813 4119 haec,
837 4037 923 4105 duce
947 4039 982 4103 et
997 4036 1133 4122 auspice
1157 4037 1266 4118 Mose,
1292 4037 1429 4104 iubebat

239 4166 305 4230 385
349 4165 425 4248 Ipse
449 4163 557 4244 Deus,
581 4161 703 4248 longus
723 4160 860 4247 quando
882 4159 1119 4228 chananitidis
1140 4177 1236 4228 error

350 4287 499 4353 Moribus
520 4287 666 4372 Aegypti
691 4287 854 4372 purgaret
876 4301 994 4352 semen
1018 4285 1130 4351 Iudae.

351 4414 509 4482 Cervices
530 4415 632 4482 ornat
654 4412 797 4495 cidaris,
821 4412 1026 4496 tunicaeque
1048 4409 1182 4477 nivales

352 4541 505 4612 Membra
526 4541 670 4626 tegunt,
694 4539 821 4608 bicolor
843 4555 944 4606 renes
966 4537 1122 4606 cinctura
1144 4538 1300 4606 revincit.
