3560 5368
756 545 892 598 nnnom
915 547 952 594 vr
1390 528 1456 594 303

359 673 462 740 Parte
485 672 554 740 alia
576 672 727 741 exoritur
748 675 888 758 questus
909 671 1104 756 clamorque
1125 686 1300 736 sororum:

450 797 595 865 Funerei
617 797 753 866 audires
773 816 858 865 saxa
885 795 1014 866 referre
1036 795 1107 879 iugi

273 921 319 986 55
363 921 555 990 Moerentes
577 920 733 1009 planetus
759 924 795 990 et
817 922 982 990 femineos
1004 919 1172 1004 ululatus,

449 1049 534 1114 Dum
556 1065 653 1115 caras
675 1047 781 1132 Virgo
803 1047 1020 1134 amplectitur
1041 1047 1202 1128 exuvias3

324 1151 329 1160 ⁰
362 1173 404 1238 Et
426 1170 556 1256 palmas
578 1170 671 1239 videt
701 1174 737 1240 et
759 1173 949 1240 terebratae
971 1171 1108 1258 cuspide
1129 1169 1281 1256 plantas,

451 1296 542 1364 Proh
564 1295 677 1365 dolor!
709 1299 746 1365 et
767 1296 838 1365 lato
859 1297 1003 1366 vulnere
1025 1298 1143 1382 pectus
1164 1294 1282 1375 hians;

363 1420 551 1488 rosentem
573 1420 713 1489 barbam
736 1419 851 1490 foedos
872 1424 910 1490 et
932 1421 1059 1490 vertice
1083 1419 1195 1489 crines

275 1543 318 1610 60
448 1546 609 1631 Quaeque
630 1545 700 1614 alte
722 1546 834 1632 figunt
863 1548 982 1633 spinea
1002 1548 1095 1614 serta
1117 1546 1218 1631 eaput

363 1667 404 1732 Et
427 1666 579 1750 vultum,
603 1687 670 1753 quo
692 1687 762 1737 non
785 1669 897 1738 suerat
919 1669 1095 1738 formosior
1116 1667 1225 1749 alter,

450 1791 690 1876 Squalentem;
715 1797 751 1862 et
772 1795 847 1862 dira
869 1794 991 1879 frigida
1014 1795 1167 1863 membra
1189 1809 1283 1859 nece.

364 1916 528 1990 Quisnam
550 1916 676 2003 oculis,
699 1920 757 2006 pia
779 1919 905 2004 Virgo,
929 1919 1013 1988 meis
1036 1918 1094 1987 det
1115 1916 1256 1986 fiumina
1278 1914 1392 1996 fletus,

453 2044 496 2111 Ut
516 2046 631 2113 tecum
652 2045 760 2114 tantis
782 2045 928 2114 luctibus
953 2043 1178 2114 illacrimeml

275 2167 320 2232 65
364 2167 418 2236 Me
440 2187 516 2252 me,
539 2170 596 2256 qui
620 2169 706 2252 leci,
729 2171 830 2241 decet
851 2171 1081 2258 ingeminasse
1105 2169 1259 2256 querelas

449 2293 580 2379 Angier
602 2296 639 2361 et
660 2312 789 2381 magna
810 2294 1109 2384 eordis2amaritie.

364 2418 517 2504 Namque
540 2437 635 2488 meas
656 2419 809 2490 christus
830 2420 994 2507 persolvit
1014 2420 1135 2488 funere
1163 2435 1306 2504 poenas,

452 2544 526 2628 Ipse
550 2561 628 2612 mea
649 2544 756 2613 effuso
779 2544 905 2615 damna
927 2563 1046 2614 eruore
1074 2544 1176 2612 levat.

364 2666 491 2736 Probra
514 2669 618 2753 mihi,
648 2670 732 2737 mihi
754 2671 952 2757 sanguineis
973 2671 1102 2738 iterata
1122 2667 1265 2754 flagellis

275 2791 317 2854 70
449 2795 602 2862 Verbera
622 2797 660 2862 et
681 2794 795 2862 infixis
817 2812 939 2881 aspera
960 2796 1052 2863 serta
1074 2793 1176 2860 rubia.

365 2916 456 2985 Crux
479 2919 584 2986 mihi:
617 2919 666 2987 sio
689 2920 811 2988 merito
834 2919 952 3002 factis,
976 2937 1041 3006 ego
1062 2918 1167 3004 digna
1188 2915 1395 3002 rependam,

451 3047 493 3112 at
516 3063 593 3114 mea
615 3045 664 3114 sie
687 3047 774 3114 iuste
798 3045 941 3115 erimina
963 3047 1073 3114 morte
1094 3044 1196 3112 lnam.

364 3167 396 3234 Si
419 3186 521 3256 rupes
543 3169 649 3238 etiam
670 3171 836 3256 abruptae
858 3187 996 3238 sensam
1023 3167 1173 3237 dolorem

454 3294 496 3361 nt
517 3292 592 3362 duri
613 3294 724 3362 silices
745 3293 919 3363 dissiluere
941 3293 1034 3380 iugi,

278 3419 322 3482 75
366 3419 442 3502 lpse
463 3419 566 3486 miser
587 3420 709 3488 saltem
731 3419 879 3504 gemitus
900 3422 937 3489 et
958 3419 1095 3505 pectore
1117 3419 1275 3504 questus,

455 3542 498 3608 Et
519 3542 579 3609 tibi
602 3547 796 3613 moerentes
817 3541 1007 3630 persolnam
1036 3542 1200 3610 lacrimas.

366 3664 412 3730 At
433 3665 543 3733 sancti
564 3684 742 3752 proceres,
765 3666 925 3737 venerati
948 3683 1068 3752 corpus
1089 3667 1186 3747 Iesu,

454 3791 558 3858 Plura
579 3791 683 3861 saeris
704 3792 814 3860 libant
835 3790 950 3860 osenla
970 3790 1176 3859 vulneribus.

367 3913 449 3981 Dein
472 3914 619 4001 lymphis
640 3913 682 3983 de
705 3933 799 3985 more
821 3916 961 4000 lavant,
984 3917 1163 3999 unguenta
1184 3913 1395 3992 ministrant,

280 4036 323 4100 80
455 4037 563 4106 Linea
584 4037 668 4106 dant
690 4037 805 4105 niveis
819 4035 958 4104 vinnula
979 4035 1161 4103 textilibus.

365 4162 503 4230 Interea
524 4179 593 4230 nox
615 4165 692 4230 atra
715 4161 791 4249 polo
814 4160 995 4230 diffuderat
1015 4159 1171 4227 umbras:

455 4287 533 4355 Rite
556 4303 644 4355 novo
666 4285 818 4354 christus
843 4285 1000 4353 conditur
1022 4283 1058 4350 in
1082 4283 1220 4350 tumulo,

356 4553 389 4612 (l)
404 4551 472 4601 Serra
487 4551 574 4599 lennes
590 4549 675 4598 nome
689 4549 713 4600 ln
729 4549 784 4598 esde
799 4527 907 4596 vaticam
923 4548 1009 4595 miltur.
