3576 5376
323 502 389 569 368
872 519 986 572 111111

429 645 565 731 Aspice,
589 645 658 713 iam
680 644 832 714 Christus
855 643 966 715 felicia
987 645 1106 714 limina
1128 647 1265 734 pandit,

320 771 382 838 155
426 771 498 838 Iam
521 773 638 854 vocal,
660 775 804 840 aeterno
827 771 1026 840 1100111611
1049 773 1205 859 tempora
1225 773 1339 842 serto:

427 895 632 980 Fortunate,
655 896 736 964 tuae
759 913 937 983 nunquam
956 896 1157 966 obliviscere
1179 897 1318 966 matris!

425 1020 518 1089 Haeo
539 1019 607 1102 ait,
630 1019 668 1088 et
688 1037 768 1088 caro
789 1019 893 1106 capili
915 1024 1057 1090 uentum
1080 1020 1213 1105 osenla,
1236 1023 1375 1090 uentum
1445 1055 1447 1058 ·

427 1143 519 1232 Figit
540 1161 669 1213 amans
692 1144 794 1212 Matri
816 1144 980 1214 Melithou
1003 1145 1153 1216 subridet
1175 1149 1212 1216 61
1233 1163 1334 1214 auras

426 1268 573 1351 Deserit,
596 1270 635 1337 at
656 1268 758 1338 niveo
778 1287 939 1355 superum
960 1271 1064 1339 decus
1084 1289 1143 1340 ore
1166 1269 1315 1357 remgor
1326 1288 1337 1354 3

218 1373 224 1382 ’
318 1395 381 1462 160
424 1393 487 1462 Illa
509 1396 545 1463 et
568 1393 710 1462 iuuereo
731 1393 872 1479 deponit
894 1412 1036 1481 eorpora
1057 1395 1218 1482 01616110.

301 1491 303 1499 ’
427 1519 647 1604 Magnanima
666 1537 688 1586 0
711 1497 850 1602 Mulier,
874 1521 1029 1606 quisnam
1052 1522 1112 1588 tua
1134 1521 1247 1591 dicere
1269 1520 1361 1590 laeta

424 1643 637 1712 Carminibus
657 1643 801 1730 poterit,
824 1642 946 1730 dignas
967 1645 1042 1732 quis
1064 1663 1219 1732 promere
1241 1644 1384 1714 laudesl

423 1768 539 1837 Fortia
561 1770 600 1837 tu
621 1787 790 1838 memoras
812 1770 1040 1840 Machabaeae
1061 1773 1160 1856 gesta
1182 1771 1354 1855 parentis,

423 1894 515 1970 Quae
538 1896 670 1981 septem
692 1897 794 1962 natos
815 1913 885 1962 uuo
906 1897 968 1962 sub
990 1895 1119 1964 lumine
1142 1894 1228 1964 vidit

316 2019 378 2085 165
423 2017 620 2099 Exanimes,
644 2017 772 2102 patrias
793 2016 887 2102 leges
909 2034 953 2086 ne
976 2017 1118 2104 iuraque
1143 2017 1317 2104 frangant

253 2123 263 2130 ’
422 2143 493 2212 Ν60
514 2140 595 2212 lietu
620 2141 779 2210 maduere
802 2159 932 2228 genae,
956 2146 1174 2229 mentemque
1197 2143 1332 2210 virilem

419 2265 474 2335 Nil
497 2265 628 2353 quatit,
652 2265 720 2332 imo
741 2265 875 2334 animos
896 2266 1010 2334 verbis
1032 2269 1067 2335 et
1088 2266 1242 2335 suasibus
1264 2266 1367 2334 addit

420 2387 642 2474 Magnanima
662 2405 683 2454 0
706 2387 848 2470 Mulier,
872 2388 966 2456 Petri
989 2388 1182 2457 firmissima
1203 2389 1300 2456 sedes

258 2573 262 2578 .
419 2512 533 2580 Donec
556 2511 639 2596 erit,
661 2514 734 2579 1010
756 2511 864 2580 donee
889 2510 1116 2580 celebrabitur
1138 2515 1219 2580 orbe

315 2639 378 2706 170
422 2637 553 2724 Religio
576 2640 613 2705 et
633 2637 742 2724 pietas
763 2640 799 2706 et
820 2637 905 2718 casti
925 2639 1073 2724 pectoris
1094 2639 1214 2724 ardor,

419 2763 563 2843 Diceris,
586 2780 816 2849 magnumque
838 2763 900 2830 libi
923 2781 983 2850 per
1005 2763 1143 2832 saecula
1167 2782 1303 2832 nomeu.

508 2889 646 2955 Interea
667 2888 822 2954 struxere
844 2904 982 2975 pyram,
1005 2904 1103 2956 sacra
1124 2904 1266 2974 corpora
1287 2887 1430 2955 dammis

420 3013 579 3080 Protinus
600 3013 762 3080 uruntur:
785 3011 844 3079 sed
867 3011 946 3098 quid
968 3029 1040 3079 non
1062 3011 1167 3099 impia
1189 3013 1282 3100 oogil
1422 3019 1427 3026 “

415 3137 524 3207 Corda
545 3136 656 3219 furor,
678 3136 761 3204 diris
783 3154 870 3223 quae
893 3137 999 3204 Satan
1023 3136 1161 3222 ignibus
1182 3137 1309 3222 urgete

309 3264 372 3331 175
416 3263 569 3349 Namque
591 3263 715 3339 ardens
736 3261 820 3329 odiis
842 3261 977 3330 oiueres
1001 3260 1197 3346 dispergere
1220 3261 1257 3329 in
1279 3279 1416 3330 amnem

320 3456 323 3462 .
416 3386 600 3458 carnifices
620 3387 790 3468 stimulat,
813 3385 898 3456 nulli
920 3387 959 3454 ut
980 3385 1168 3454 reddantur
1190 3385 1347 3456 honores

504 3514 571 3579 Vix
592 3497 680 3580 sa'cri
701 3510 835 3580 cineres
858 3509 949 3578 10111
971 3527 1114 3596 coepere
1137 3510 1285 3578 secundo

416 3635 590 3721 Flumine,
613 3634 671 3702 lux
694 3635 787 3703 clara
808 3633 950 3718 effulget
971 3633 1191 3720 sequiturque
1215 3637 1392 3716 natantes;

418 3762 506 3830 Nam
527 3779 613 3847 puer
634 3760 821 3840 aetherius,
845 3759 939 3828 caelo
962 3760 1017 3829 oui
1039 3759 1169 3827 credita
1191 3777 1274 3827 cura
1295 3761 1348 3828 est

310 3888 373 3954 180
417 3887 573 3972 Agminis
594 3884 733 3967 invicti,
757 3884 930 3954 fluitantes
952 3884 1081 3970 colligit
1103 3902 1173 3952 uua

415 4011 587 4098 Reliquias
608 4011 700 4097 pius,
723 4011 826 4096 atque
848 4009 961 4078 arenti
984 4009 1140 4106 margine
1163 4011 1287 4078 servat.

415 4136 721 4219 asseremus),
751 4153 848 4204 secer
869 4135 1039 4218 Antistes,
1061 4135 1142 4202 dnm
1165 4135 1256 4203 faeta
1278 4139 1466 4222 geruntur,

413 4269 453 4334 ln
474 4265 602 4334 somnis
623 4265 756 4334 obiecta
779 4264 887 4332 videt:
911 4282 1007 4332 mora
1030 4262 1142 4348 nulla,
1166 4263 1330 4332 ministris

413 4389 551 4457 (linctus
571 4387 690 4470 adest,
715 4389 750 4457 et
772 4385 864 4454 mille
887 4385 979 4454 iaces
1003 4385 1130 4454 circum
1151 4385 1300 4473 undique
1321 4386 1431 4454 lucem

310 4516 372 4584 185
415 4515 504 4584 Dant
525 4513 670 4597 claram,
695 4513 792 4582 laetis
814 4515 849 4580 61
872 4512 1027 4579 cantibus
1050 4511 1187 4580 insonat
1208 4511 1338 4580 aether.
