3472 5360
325 479 386 544 102
799 493 1037 548 onurnunroos

431 622 574 692 Delicias
594 623 631 692 et
652 639 733 708 opes
753 623 789 690 et
813 621 937 690 fastum
958 619 1072 688 divitis
1093 617 1218 687 aulaei

431 750 523 818 Haec
545 749 632 816 Deus
652 747 795 833 Assyriis
816 747 960 832 largitus
981 746 1086 813 divite
1108 744 1239 813 dextra.

431 873 493 941 Ast
513 875 716 958 aspernatur
737 872 866 940 tumida
887 871 966 939 dum
989 873 1105 940 mente
1128 872 1318 938 Tonantem

320 1001 386 1066 585
429 1003 504 1086 Ipse
527 1002 605 1069 tuus
627 1000 785 1085 genitor,
808 999 926 1067 violati
949 999 1106 1066 Numinis
1128 998 1214 1066 iram

429 1124 609 1192 Persensit.
634 1126 720 1194 Nam
742 1123 867 1192 mentis
887 1125 985 1210 inops
1007 1122 1156 1208 insignia
1177 1119 1277 1208 regni

429 1249 596 1334 Proiecit,
620 1249 890 1337 chlamidemque
913 1249 1063 1318 humeris
1084 1247 1294 1334 gemmisque
1315 1261 1478 1313 coronam

428 1375 627 1444 Distinctam
649 1375 761 1445 fronte
794 1375 921 1445 avulsit
949 1376 1156 1461 dumosaque
1178 1373 1284 1442 silvae

429 1501 538 1570 Antra
559 1501 667 1588 petit,
689 1502 792 1570 miser
813 1501 900 1569 heu!
926 1501 1076 1570 victurus
1097 1518 1191 1568 more
1213 1498 1372 1568 ferarum.

318 1627 383 1692 590
426 1628 557 1694 Pronus
578 1625 670 1694 humi
694 1645 781 1713 quae
802 1628 923 1712 sponte
947 1627 1066 1712 vigent
1087 1628 1161 1694 tum
1182 1624 1340 1711 gramina
1362 1639 1520 1708 carpens,

428 1753 639 1840 Arentesque
661 1753 717 1821 siti
740 1753 854 1824 fauces
875 1771 1089 1841 compescam
1111 1753 1250 1840 lympha

427 1881 629 1946 Torrentum
649 1880 786 1963 suetus,
809 1879 914 1947 iacuit
936 1879 1115 1974 revolutus³
1129 1895 1256 1961 arena,

427 2004 515 2071 Rore
538 2001 679 2071 madens
699 1999 785 2072 caeli
809 2006 869 2071 aut
891 2003 1038 2072 ferventi
1061 2002 1206 2071 torridus
1227 1979 1344 2070 aestu.¹

427 2132 564 2198 Interea
585 2129 716 2214 septem
737 2130 787 2197 sol
809 2131 1086 2198 circumvolvitur
1107 2147 1236 2198 annum

314 2257 380 2322 595
424 2257 588 2324 Emensus
610 2255 758 2324 vicibus:
781 2257 922 2324 tandem
945 2275 1042 2325 mens
1063 2255 1133 2324 alta
1153 2255 1303 2342 potentis

424 2379 623 2466 Subiicitur‚
646 2382 820 2467 noscitque
842 2383 948 2448 Deum
982 2381 1193 2468 demissaque
1216 2381 1362 2449 adorat'

366 2581 368 2588 ¹
425 2505 589 2574 Redditur
611 2504 691 2573 hinc
713 2506 796 2574 solio
818 2508 955 2590 genitor
975 2524 1175 2592 rursumque
1198 2523 1325 2574 corona

424 2631 598 2715 Cingitur:
621 2632 659 2698 et
680 2632 737 2714 tu,
761 2649 844 2714 rex,
868 2633 926 2718 qui
948 2633 1037 2700 nosti
1061 2631 1164 2715 talia,
1188 2633 1305 2699 mente

423 2755 589 2841 Turgidus
611 2755 702 2822 elata
724 2756 875 2843 sequeris
896 2757 1041 2843 vestigia
1064 2757 1191 2843 patris3

314 2877 379 2942 600
423 2876 549 2944 Niteris
570 2876 606 2943 in
630 2877 763 2945 caelum
786 2897 924 2961 vecors,
947 2881 1147 2966 sacrataque
1170 2895 1301 2946 summo

420 3004 513 3070 Vasa
535 3005 603 3071 Deo
625 3003 788 3072 infandae
810 3005 956 3073 scelerae
977 3005 1138 3073 libamine
1162 3022 1322 3084 mensae,

421 3133 463 3198 Et
485 3132 597 3217 pellex
618 3134 844 3220 satrapasque
868 3134 1011 3220 profana
1033 3134 1120 3202 heu!
1145 3133 1265 3219 pocula
1289 3131 1442 3198 miscent.

422 3257 614 3326 scribentes
635 3259 716 3324 exin
739 3259 838 3345 digiti
861 3259 1084 3346 mirandaque
1103 3258 1209 3326 verba

422 3383 517 3473 Quae
539 3383 601 3450 tibi
623 3359 850 3469 portendant,
873 3403 956 3467 rex,
979 3385 1057 3453 audi
1081 3385 1262 3470 animoque
1285 3381 1448 3450 reconde:

313 3510 379 3576 605
421 3510 557 3595 Imperii
579 3512 760 3578 numerata
782 3511 832 3579 tui
854 3514 935 3580 sunt
956 3515 1132 3598 tempora,
1156 3511 1233 3578 linit

420 3635 483 3701 illa
505 3637 611 3721 Dem,
635 3635 720 3704 libra
741 3637 812 3704 iam
834 3655 926 3706 nuuc
947 3655 1117 3724 appensus
1139 3639 1174 3707 et
1195 3655 1307 3722 aequa
1397 3671 1401 3674 ·

422 3761 562 3844 Deficis3
585 3761 665 3829 hinc
686 3763 825 3831 scissum
847 3781 992 3848 regnum
1015 3763 1211 3833 conceditur
1235 3761 1343 3844 hosti,

420 3891 463 3956 nt
485 3888 592 3956 Medis
612 3889 789 3976 Persisque
811 3891 920 3958 datur.
945 3890 1012 3958 Vix
1035 3889 1118 3958 talia
1139 3889 1251 3984 latus,

420 4015 596 4099 Purpurea
618 4014 736 4082 Daniel
759 4014 850 4102 palla
871 4015 1124 4102 praecingitur,
1146 4015 1205 4082 olli

308 4139 372 4205 610
417 4139 581 4208 Auratam
604 4139 663 4208 dat
685 4159 745 4210 rex
768 4144 924 4228 torquem
945 4142 1157 4228 gemmisque
1178 4140 1359 4209 nitentem.

420 4265 561 4334 Noctem
583 4268 644 4333 sub
667 4267 814 4335 mediam
835 4287 954 4336 somno
976 4269 1056 4334 dum
1078 4266 1244 4336 sternitur
1266 4267 1337 4335 alto

418 4388 502 4455 Urbs
523 4390 645 4476 ignara
668 4391 748 4458 mali
782 4391 905 4458 ludove
927 4392 1050 4460 insana
1073 4392 1233 4460 iuventus

416 4513 564 4599 Pervigil
588 4515 743 4601 indulget
767 4515 886 4604 (tanta
909 4517 962 4585 est
983 4517 1107 4586 fiducia
1129 4519 1284 4604 rerum!)
1296 4571 1305 4604 ,
