3560 5368
349 525 413 590 224
855 539 1052 590 rnnsnrnos

455 664 599 733 Paulum
621 665 881 748 obtruncatum,
905 666 1046 751 Ianique
1070 667 1250 734 cacumina
1273 669 1413 734 Petrum

347 789 412 854 520
457 786 698 854 Transtiberim
721 789 841 856 contra
862 803 1061 874 suspensum
1083 789 1198 875 stipite
1221 793 1375 857 cernent.

457 912 539 978 llluc
562 909 693 978 visendi
715 911 826 980 studio
849 911 918 979 ruit
940 911 1089 996 nudique
1113 912 1236 999 vulgus

457 1035 625 1115 Effusum,
650 1036 687 1103 et
709 1035 840 1120 plateas
861 1034 1008 1121 complet
1030 1035 1189 1124 vicosque
1215 1037 1400 1124 lorumque.

456 1161 509 1228 Sic
531 1177 615 1247 quos
638 1176 725 1228 unus
744 1177 843 1228 amor
864 1159 997 1246 iunxit,
1020 1161 1100 1228 dum
1123 1163 1195 1230 vita
1218 1166 1394 1245 maneret,

456 1285 563 1372 Ipsius
584 1284 674 1353 haud
699 1283 806 1352 valuit
827 1283 985 1354 diducere
1008 1285 1138 1355 lunaris
1161 1286 1244 1355 hora

346 1413 412 1478 525
456 1412 534 1477 Mox
556 1408 751 1477 individuae
774 1409 950 1477 donandos
972 1427 1115 1478 munere
1139 1412 1282 1496 palmae.

457 1540 500 1602 At
523 1534 608 1602 varii
630 1533 757 1620 populo
777 1551 897 1603 sensus
919 1536 957 1601 et
977 1533 1095 1602 dissita
1119 1539 1220 1619 vota;

457 1659 600 1728 Romula
621 1659 715 1746 ploos
737 1659 818 1727 circi
840 1659 1019 1746 spectaclis
1048 1663 1213 1748 suetaqne
1236 1665 1331 1731 caedi

457 1786 539 1854 Visu
562 1785 677 1853 oculos
698 1784 816 1872 explet
838 1784 932 1869 diro;
954 1784 1013 1854 sed
1037 1803 1126 1872 pone
1147 1791 1265 1857 secuta

455 1911 681 1980 christiadum
703 1911 760 1996 pia
783 1913 884 1978 turba
905 1909 998 1978 dolet
1021 1912 1182 1981 miserata
1205 1916 1381 1983 Parentes.

348 2039 414 2106 530
458 2036 618 2105 Perlusae
640 2035 789 2104 lacrimis
812 2035 969 2104 Basilissa
990 2040 1027 2103 et
1049 2037 1226 2105 Anastasis
1247 2039 1392 2122 adsunt,

457 2165 499 2231 ut
522 2165 757 2232 matronarum
781 2164 938 2230 rorantes
960 2161 1090 2230 lumina
1112 2165 1266 2246 coetus,.

459 2291 501 2357 Et
522 2288 603 2376 quid
624 2289 697 2375 opis
720 2288 836 2356 fassit
858 2287 1029 2355 morituris
1051 2288 1141 2355 serre
1165 2288 1368 2358 ministrant.

458 2419 530 2483 Iam
553 2417 652 2500 porta
673 2414 850 2495 exierant,
875 2414 929 2480 cui
953 2413 1096 2481 Tibridis
1117 2413 1205 2482 ostia
1227 2431 1352 2484 nomen

460 2541 607 2609 Fecere:
632 2539 686 2606 liic
708 2540 865 2624 geminos
886 2539 984 2607 miles
1005 2539 1154 2624 seiungit
1176 2540 1324 2622 amicos;

350 2671 415 2736 535
459 2669 534 2736 Heu
555 2667 676 2736 durum
700 2666 862 2735 nimium!
888 2665 974 2733 collo
997 2667 1078 2734 dare
1103 2665 1241 2734 brachia
1264 2668 1389 2736 circum

459 2797 585 2862 Ferrea
608 2793 723 2861 vincla
745 2796 896 2878 negant,
921 2795 957 2859 et
979 2795 1088 2860 tortor
1111 2794 1272 2861 barbarus
1294 2798 1404 2880 urget,

460 2921 726 3007 Supremumque
749 2917 826 2986 vale
848 2936 1073 3006 supremaque
1096 2919 1202 2986 verba
1223 2920 1395 2986 vetantur.

459 3048 635 3124 Quaenam
659 3065 756 3114 mens
779 3045 895 3114 animo
919 3045 1043 3128 luerit,
1068 3047 1123 3132 qui
1149 3047 1285 3132 pectore
1308 3065 1428 3114 sensus

458 3177 607 3242 Heroum
629 3173 774 3256 Christi,
798 3172 910 3256 dignis
930 3173 1006 3258 quis
1028 3171 1181 3240 versibus
1203 3173 1352 3258 aequata

326 3299 414 3366 540
460 3299 575 3376 Musa,
600 3299 697 3377 lace;
723 3313 786 3363 neo
808 3296 900 3362 enim
921 3294 983 3364 ,tibi
1008 3294 1059 3362 sas
1081 3295 1239 3362 evolvere
1262 3313 1363 3362 sensa

460 3423 524 3490 Uni
548 3425 631 3490 nota
653 3423 741 3504 Deo,
765 3438 835 3488 non
859 3438 1000 3507 usquam
1023 3418 1140 3487 audita
1164 3419 1323 3506 profanis.

548 3549 592 3615 Ut
615 3545 729 3633 procul
751 3545 886 3631 aspexit
908 3548 1050 3627 Petrus,
1072 3545 1161 3631 quod
1184 3544 1332 3612 culmine
1356 3545 1452 3612 collis

462 3674 604 3743 Ianiculi
625 3673 768 3756 erigitur
790 3671 874 3756 ligni
899 3671 1006 3739 ferale
1029 3675 1228 3757 tropaeum,

461 3803 488 3868 Ο
511 3802 599 3868 bona
621 3801 730 3880 Crux,
754 3799 900 3880 clamat,
923 3800 1045 3866 sancta
1066 3801 1103 3865 ot
1125 3797 1471 3878 venerantissimos,

354 3928 419 3994 515
462 3926 561 3994 Haud
584 3924 677 3993 necis
697 3923 880 4008 infandae,
903 3923 962 3992 sed
986 3921 1077 3989 vitae
1099 3921 1212 3988 nobile
1234 3920 1391 4004 signum;

462 4053 597 4122 Scilicet
617 4052 706 4120 hanc
729 4069 825 4120 aram
846 4051 962 4119 divino
984 4051 1151 4135 sanguine
1173 4049 1324 4118 Christus

463 4179 635 4262 sacravit,
660 4179 852 4266 veterisque
873 4179 993 4246 lubens
1016 4179 1120 4245 Pater
1142 4179 1321 4244 immemor
1343 4176 1436 4258 irae,

463 4308 594 4378 Delevit
617 4326 725 4374 noxas
747 4305 922 4374 hominum
945 4306 981 4372 et
1002 4303 1164 4373 caelestia
1186 4302 1340 4389 pandens

461 4434 621 4502 Exulibus
643 4450 772 4518 regna,
796 4432 936 4499 amissos
956 4431 1131 4516 reparavit
1153 4429 1307 4496 honores

354 4563 419 4630 550
464 4563 510 4629 Te
533 4561 650 4647 cupio,
674 4579 728 4629 me
751 4559 886 4648 iamque
911 4575 987 4625 meo
1011 4559 1047 4624 tu
1071 4555 1173 4624 redde
1195 4555 1378 4642 Magistr03
