3560 5368
287 555 353 622 306
659 569 705 620 on
734 569 851 620 ulam
883 565 1124 618 rnnnonssrn

394 699 439 764 At
468 697 530 763 sibi
552 697 715 766 continuo
737 698 885 766 subeunt
914 713 1017 782 quam
1040 693 1152 761 tristia
1175 689 1289 759 lacta!

482 823 523 889 nt
546 820 652 908 flagra
673 825 709 892 et
732 823 850 908 spinae
872 819 1140 907 suppliciumque
1165 816 1283 884 crucis.

309 949 352 1013 55
395 947 487 1014 Haec
510 949 655 1016 Matrem
677 949 833 1016 lacerant
854 947 1018 1034 peracuta
1040 943 1197 1031 cuspide:
1222 956 1391 1026 magnus,

486 1073 530 1139 Ut
552 1091 667 1155 mare,
691 1073 847 1158 virgineo
868 1071 1005 1158 pectore
1029 1086 1163 1137 moeror
1183 1066 1284 1134 inest.

398 1197 567 1281 diunge,
589 1198 670 1266 diva
692 1201 843 1280 Parens3
865 1195 1018 1264 dedimus
1040 1196 1094 1262 sat
1115 1192 1218 1261 corda
1239 1189 1345 1258 dolori
1359 1208 1390 1270 t,

486 1322 586 1390 Sume
609 1323 758 1406 animos,
781 1338 850 1391 neu
873 1322 908 1388 te
931 1320 1001 1388 iam
1023 1317 1168 1404 amplius
1186 1314 1371 1384 excrucies.

402 1447 486 1514 Dum
507 1447 610 1516 (inuti
631 1466 728 1516 sacro
750 1445 944 1514 conduntur
968 1443 1122 1513 membra
1153 1439 1330 1527 sepulcro,

313 1570 356 1636 60
489 1573 680 1641 Innumeris
702 1573 829 1640 circum
851 1569 989 1657 spiritus
1011 1567 1157 1652 Aligeris

401 1696 594 1781 Ingreditur
615 1698 747 1765 cinctus
768 1695 985 1764 tenebrosam
1008 1693 1118 1760 victor
1144 1692 1324 1775 abyssum,

490 1825 628 1908 lamque
651 1821 919 1907 triumphantem
940 1821 1071 1887 tartare
1093 1816 1194 1902 nigra
1217 1813 1382 1881 tremunt.

404 1948 486 2015 Inde
508 1947 581 2033 pios
603 1948 724 2015 lustrat
746 1962 885 2026 manes,
909 1945 967 2031 qui
990 1946 1144 2028 tompore
1168 1941 1271 2024 longo

491 2073 564 2140 Ab!
596 2073 685 2140 votis
706 2071 803 2140 sedes
825 2068 1030 2156 percupiunt
1051 2082 1201 2152 superas

317 2196 360 2260 65
406 2197 607 2264 Panduntur
630 2195 768 2265 tandem
791 2196 910 2280 portae
932 2190 1102 2260 stellantis
1125 2186 1273 2274 olympi:

495 2322 623 2392 Felices
643 2322 780 2389 animae
803 2336 913 2403 regna
936 2318 1038 2384 beata
1068 2315 1199 2401 petunt

406 2449 476 2515 Scis
500 2449 585 2516 bene
608 2448 697 2534 quod
720 2443 872 2527 tumulo,
896 2442 1034 2510 devicta
1054 2441 1185 2520 morte,
1209 2437 1386 2520 resurget,

497 2574 611 2641 Tertia
634 2590 737 2659 quum
759 2570 855 2638 caelo
880 2567 1012 2635 fulserit
1033 2565 1126 2634 alma
1148 2563 1228 2630 dies

411 2702 478 2767 Nos
499 2699 632 2782 miseri,
658 2699 746 2764 bona
770 2696 899 2776 Mater,
925 2711 988 2759 nos
1009 2707 1120 2776 genus
1141 2701 1402 2764 aerumnosum3

322 2829 365 2893 70
496 2825 597 2902 Queis
619 2841 711 2891 nunc
733 2821 852 2902 tanta,
876 2817 992 2898 video,
1025 2815 1211 2882 incubuere
1235 2809 1335 2878 mala.

410 2952 544 3038 Ingruit
564 2969 610 3018 en
633 2947 758 3028 bostis,
783 2944 914 3031 patriae
934 2941 1101 3008 mentitus
1123 2954 1292 3018 amorem,

503 3077 545 3143 llt
568 3071 728 3162 quidquid
750 3069 908 3138 sanctum
931 3067 983 3133 est
1005 3063 1171 3148 religione
1193 3058 1292 3145 rapit

412 3191 607 3267 Vidimus'e
631 3212 732 3263 sacra
752 3190 902 3259 deiectos
924 3187 1010 3254 aede
1035 3185 1227 3262 ministros,

501 3321 645 3390 Pellitur
666 3319 740 3405 ipsa
761 3313 830 3384 suis
852 3310 949 3394 virgo
971 3310 1086 3377 dicata
1114 3307 1217 3376 locis:

327 3451 370 3515 75
415 3447 586 3533 sacrilega
608 3445 745 3531 dirupta
768 3459 872 3512 manu
893 3438 979 3509 sunt
1001 3431 1152 3519 templa;
1174 3427 1332 3498 sacerdos

505 3575 562 3641 list
586 3571 711 3638 vet'tus
733 3584 865 3637 summo
886 3563 1008 3633 sancta
1031 3559 1131 3626 litare
1155 3556 1244 3622 Deo:

406 3697 649 3785 vPurpureique
673 3696 792 3762 Patres
814 3687 971 3775 dispersi,
1002 3684 1039 3753 et
1062 3679 1207 3767 plurima
1229 3674 1352 3744 christi

504 3819 711 3908 Iampridem
733 3818 829 3902 luget
850 3813 945 3901 plebs
966 3808 1107 3876 viduata
1129 3805 1236 3871 duce:

418 3947 545 4016 Saeviit
568 3949 604 4014 et
628 3943 772 4025 ballum,
795 3939 933 4009 Laureti
955 3932 1074 4003 dorida
1096 3927 1220 4016 passim

331 4077 374 4141 80
505 4073 598 4138 Arre
619 4067 722 4137 nimis
744 4067 809 4134 fido
832 4061 1001 4149 sanguine
1023 4057 1133 4124 tincta
1154 4052 1300 4120 rubent:

420 4197 459 4262 ln
483 4193 556 4262 tera
578 4192 738 4280 pacificus
760 4184 976 4272 compellitur
997 4195 1095 4248 arma
1116 4175 1278 4252 colonus,

509 4318 649 4387 Rustica
671 4334 732 4404 pro
753 4311 875 4400 gladiis
897 4305 1023 4393 linquit
1043 4302 1160 4372 aratra
1181 4315 1324 4366 manus:

422 4439 523 4509 Nulla
544 4437 627 4508 tides
649 4437 770 4519 dictis,
792 4432 945 4518 agitatur
969 4424 1093 4494 mobile
1115 4419 1258 4507 vulgus,

509 4551 550 4628 nl
573 4577 714 4628 caecum
734 4555 855 4624 infelix
877 4553 914 4619 in
937 4567 999 4618 sua
1019 4547 1146 4614 damna
1169 4542 1258 4609 ruit:
