3576 5376
605 753 616 767 α
732 718 999 802 Epistola
1022 717 1075 781 V

389 1015 435 1066 ΔΙ)
457 1015 664 1066 chiuulrivu
694 1015 868 1066 usdrusu
903 1013 1153 1066 assumserunt
1182 1013 1236 1070 EQ·
1261 1013 1419 1064 abusos.

840 1653 964 1707 FRAGA

496 1885 623 1971 Sponte
645 1901 707 1953 sua
728 1901 815 1973 quae
839 1884 931 1953 laeta
953 1884 1042 1970 iugis
1064 1887 1251 1954 nascuntur
1273 1887 1309 1953 in
1331 1888 1427 1970 altis,

411 2007 622 2077 Frondentes
643 2007 735 2076 inter
756 2007 876 2090 silvas,
900 2023 1055 2094 quaeque
1078 2007 1202 2077 educat
1223 2009 1342 2077 hortus

410 2133 550 2219 irriguis
571 2132 725 2201 excultus
746 2133 860 2218 aquis,
883 2131 1074 2200 redolentia
1097 2131 1209 2218 Frage

411 2257 528 2324 Dicere
553 2255 619 2322 lert
640 2253 791 2322 animus:
815 2272 895 2322 uam
919 2254 1039 2322 tenuia
1060 2255 1215 2322 earmina
1240 2259 1356 2324 vatem

344 2384 367 2450 5
411 2380 593 2463 Alliciunt,
618 2379 848 2466 humilemque
870 2380 966 2446 iuvat
989 2382 1124 2449 tentare
1146 2381 1307 2450 laborem.

499 2503 532 2571 Si
554 2502 681 2571 mensis
701 2503 763 2571 tibi
784 2519 866 2572 cara
888 2501 1026 2588 placent
1052 2504 1137 2572 haec
1160 2505 1249 2574 dona
1271 2507 1442 2586 secundis,

413 2629 568 2716 Accipias
589 2632 739 2710 nostros,
765 2628 887 2696 Frater
907 2627 1117 2712 dulcissime,
1141 2635 1297 2716 coeptus,

411 2760 500 2835 Quos
521 2755 621 2824 vacui
643 2755 733 2822 curis
755 2753 902 2823 Planina
924 2753 1064 2822 lusimus
1086 2756 1174 2824 Arce
1197 2754 1247 2842 lb,

411 2881 548 2966 aspirat
569 2878 676 2965 tepidi
699 2878 787 2946 lenis
809 2877 868 2946 vix
889 2895 975 2946 aura
997 2878 1114 2946 favoni

329 3009 369 3074 10
412 3007 601 3092 Pulcraque
624 3003 773 3072 odoratis
795 3002 956 3071 viridaria
976 3003 1113 3072 lloribus
1135 3003 1265 3074 halant.

499 3132 589 3217 Ergo
611 3130 800 3198 subiectum
822 3129 936 3196 domui
958 3127 1140 3197 lustremus
1162 3130 1329 3217 agellum;

411 3261 561 3341 Pergere
584 3272 786 3325 nemaeum
807 3253 941 3339 pigeat,
965 3271 1031 3323 neo
1052 3253 1199 3338 lumina,
1223 3258 1337 3336 sodes,

411 3382 599 3452 Pallidulae
623 3382 760 3468 rapiant
781 3380 892 3449 violae
912 3398 1102 3467 suavesque
1125 3381 1320 3467 hyacinthi,

414 3508 486 3576 Nec
508 3523 602 3587 rosa,
626 3523 713 3592 quae
735 3504 805 3573 late
829 3505 956 3572 circum
979 3504 1137 3573 diffundit
1159 3506 1314 3590 odorem,

330 3635 369 3700 15
413 3633 485 3700 Neo
508 3630 647 3699 tandem
669 3630 808 3699 latebris
830 3630 867 3697 in
889 3631 1047 3716 apertum
1070 3630 1140 3698 lata
1162 3631 1288 3701 relictis

414 3757 537 3841 Oitria,
561 3755 749 3824 candentes
770 3755 877 3823 mittit
898 3773 986 3840 quae
1010 3755 1123 3824 vivida
1145 3756 1260 3838 lloreS,

415 3881 479 3950 Vel
502 3881 612 3949 medio
636 3880 693 3965 qui
717 3880 812 3947 fonte
835 3881 960 3946 natant
982 3879 1181 3948 salientibus
1204 3883 1303 3950 undis

414 4005 587 4075 Ludeutes
609 4003 704 4071 vario
724 4002 850 4089 depicti
873 4003 1025 4088 tegmine
1048 4003 1172 4090 pisces:

413 4131 490 4198 Nou
514 4129 600 4197 haec
621 4131 657 4197 te
680 4128 859 4210 moveant,
882 4126 942 4194 sed
965 4129 1090 4196 stratas
1112 4129 1231 4198 ordine
1255 4130 1369 4216 pulcro

325 4259 369 4324 20
413 4255 553 4324 Areoles
574 4253 655 4322 hinc
678 4252 757 4321 inde
780 4253 888 4337 vides,
912 4253 968 4320 ubi
995 4253 1093 4338 fraga
1116 4257 1302 4324 rubescunt

414 4381 545 4464 Mollia,
568 4379 744 4448 odoriferis
766 4379 802 4446 et
823 4377 920 4445 olent
941 4377 1111 4446 afflatibus
1133 4395 1246 4448 aurae.

415 4507 571 4575 Rusticus
592 4505 664 4592 ipse
686 4504 757 4572 solo
779 4504 945 4571 iaciebam
966 4504 1115 4585 semina,
1140 4505 1198 4572 vix
1221 4505 1301 4575 dum

318 4621 325 4639 '
413 4635 504 4701 Vere
527 4651 616 4702 novo
638 4632 736 4700 laetis
758 4629 892 4698 ditescit
915 4630 1089 4700 frondibus
1111 4633 1226 4700 arbos:
