3560 5368
371 519 435 583 21111
841 534 1115 584 rnuuuuurauos

475 658 552 726 Sese
577 659 801 743 extollentes,
827 660 950 728 nardos
971 659 1182 746 humilesque
1205 658 1352 759 myricas

393 784 433 848 10
479 785 614 868 Aequus
636 787 747 865 amat,
783 801 909 868 magno
939 787 975 853 et
998 784 1099 854 terris
1121 785 1156 851 te
1179 783 1267 850 ditat
1290 783 1428 850 honore.

478 909 567 992 Ergo
591 908 669 973 dum
694 907 816 994 Ioseph
839 909 922 978 olim
943 908 1005 976 sub
1027 912 1123 976 muta
1146 926 1298 976 recessus

477 1031 598 1099 Oraret
621 1032 758 1098 Patrem
781 1049 961 1118 superum,
985 1029 1231 1116 pulcherrimus
1252 1029 1315 1098 alis

479 1153 683 1240 Improvisus
704 1154 803 1224 adest
824 1154 981 1238 Gabriel,
1003 1155 1103 1224 011001
1127 1155 1276 1241 undique
1299 1151 1407 1220 multa

478 1282 567 1349 Luce
590 1281 695 1350 micat
716 1281 810 1350 locus
831 1285 868 1350 et
882 1282 1028 1384 'caelesti
1052 1281 1140 1350 ridet
1162 1281 1274 1358 odore.

394 1406 434 1471 15
478 1407 621 1476 Miratur
643 1407 784 1503 Ioseph,
807 1409 844 1476 at
868 1407 1043 1492 Pcunigor
1065 1410 1210 1492 occupat
1233 1405 1343 1472 ultro:

478 1532 589 1600 Macte
611 1531 744 1614 auimo,
768 1551 788 1600 0
811 1532 967 1614 Iuvenis;
991 1548 1079 1618 quae
1102 1531 1170 1599 iam
1193 1532 1231 1597 tu
1255 1526 1386 1596 fervida
1406 1524 1519 1592 fundis

476 1655 586 1736 Vota,
611 1656 679 1723 Deo
701 1655 879 1742 placuere,
910 1659 946 1725 et
968 1673 1052 1742 puro
1075 1672 1095 1722 e
1117 1657 1256 1742 pectore
1280 1653 1387 1720 virtus

477 1780 658 1850 Candidior
680 1799 781 1866 mage
802 1784 905 1869 grata
927 1781 990 1868 ipsi
1013 1799 1115 1866 quam
1138 1781 1224 1849 turis
1246 1795 1406 1848 acerrae:

476 1906 563 1975 Hinc
586 1905 647 1974 tibi
670 1923 816 1993 maguus
838 1908 966 1989 honos;
1000 1905 1165 1992 siquidem
1188 1904 1249 1974 tibi
1273 1903 1398 1972 tradita
1419 1919 1501 1971 cura

389 2031 433 2097 20
477 2031 723 2114 Parthenidos,
746 2049 815 2118 qua
837 2032 1001 2100 maiorem
1023 2049 1092 2100 non
1116 2030 1186 2099 ulla
1208 2030 1320 2098 tulere

476 2153 604 2238 Saecla,
627 2173 693 2224 noc
716 2154 786 2222 ulla
809 2155 942 2236 lerent3
966 2155 1096 2223 iessaeo
1118 2172 1139 2222 e
1161 2154 1277 2240 stipite
1302 2151 1408 2236 Virgo

477 2277 606 2364 Sponsa
628 2279 707 2361 tibi;
731 2280 800 2348 iam
823 2297 915 2348 nunc
938 2279 1149 2364 Solymorum
1172 2279 1215 2346 ad
1238 2276 1369 2362 templa
1391 2275 1532 2342 vocaris

477 2402 607 2502 ,taulus
628 2421 648 2470 e
672 2403 767 2470 caelo
791 2403 935 2470 veniens
956 2403 1042 2472 haec
1066 2403 1203 2471 foedera
1227 2406 1377 2487 panget,

478 2528 555 2595 Non
577 2545 719 2613 usquam
741 2529 925 2610 solvenda3
950 2532 988 2596 ut
1010 2529 1072 2596 viti
1096 2529 1249 2612 iungitur
1271 2527 1401 2607 ulmus,

390 2654 434 2718 25
478 2653 575 2720 Haud
599 2652 689 2721 setus
711 2653 834 2722 mirata
855 2672 944 2738 suos,
966 2654 1014 2722 sio
1037 2653 1218 2720 Parthenis
1240 2654 1276 2719 et
1299 2655 1346 2734 tu,

479 2779 589 2846 Macte
612 2778 738 2860 auimo,
762 2798 782 2846 o
804 2781 936 2865 Ioseph,
960 2779 1028 2846 iam
1051 2797 1143 2846 nuno
1167 2777 1227 2845 tibi
1250 2777 1322 2844 vita
1346 2778 1488 2861 paratur

479 2902 628 2970 Alternis
650 2903 788 2985 vicibus,
813 2904 925 2972 luctus
946 2907 982 2972 et
1003 2903 1131 2989 gaudia
1153 2901 1315 2969 miscent:

480 3027 721 3097 Parthenidem
743 3028 787 3097 ob
809 3028 972 3114 Sponsam
995 3029 1057 3096 tibi
1080 3030 1138 3114 qui
1161 3027 1346 3096 reddentur
1368 3025 1535 3092 honores!

479 3151 610 3219 ulnulus
632 3153 787 3234 interea,
811 3169 971 3239 suprema
993 3154 1030 3220 iu
1052 3153 1132 3221 sede
1154 3157 1311 3237 paratus,

389 3277 433 3341 30
476 3275 625 3360 Sponsae
649 3276 766 3346 foedus
788 3278 876 3360 erit3
901 3295 981 3346 nam
1006 3277 1065 3345 vix
1088 3277 1253 3345 mandata
1275 3274 1439 3342 Tonantis

480 3401 620 3486 Accepit
641 3403 821 3485 servanda,
845 3404 939 3489 operi
961 3420 1035 3470 sese
1058 3401 1188 3470 addidit
1209 3401 1299 3469 ultro

478 3524 654 3609 Aligerum
678 3544 810 3610 manus,
834 3529 870 3594 et
892 3527 1066 3595 celebrare
1089 3525 1217 3611 iugalia
1239 3524 1344 3610 gestit

479 3649 625 3718 Vincula
648 3649 882 3718 Parthenidoa
908 3651 1040 3718 Reddas
1062 3653 1101 3718 tn
1123 3666 1267 3717 munera
1288 3648 1446 3735 Sponsae,

479 3774 622 3842 Inducos
642 3773 754 3842 amaa
777 3774 893 3860 digito,
916 3774 1096 3861 stabilique
1118 3773 1246 3842 dicebis

391 3899 434 3962 35
478 3897 652 3983 Coniugio,
675 3897 764 3984 quod
786 3901 886 3968 muta
907 3898 1033 3967 decent
1054 3899 1217 3966 caelestia
1237 3898 1336 3966 dona

477 4021 531 4091 Sic
553 4021 698 4106 Gabriel,
722 4023 862 4092 niveam
884 4023 921 4089 in
944 4026 1071 4091 nubem
1094 4023 1297 4111 rapidusque
1320 4021 1467 4090 recessit

479 4148 643 4218 Exultans
665 4148 781 4217 animo
803 4150 924 4236 Ioseph
947 4151 983 4216 et
1006 4147 1113 4217 multe
1135 4149 1316 4218 revolvens

479 4275 603 4344 Versat
619 4274 715 4366 ¹dona
736 4287 852 4355 mauu,
876 4277 980 4359 atque
1003 4275 1125 4342 obtutu
1147 4275 1233 4342 fixus
1254 4274 1292 4339 in
1314 4291 1383 4340 nno
1404 4275 1464 4339 est

479 4401 552 4467 Non
576 4399 621 4466 ibi
643 4398 875 4483 sardonychus
897 4399 1017 4468 rutilat
1037 4399 1220 4484 viridisque
1243 4398 1451 4482 smaragdus,

390 4525 433 4590 40
477 4525 611 4592 Indicus
633 4529 694 4592 aut
714 4525 853 4593 adamas
875 4529 934 4591 aut
958 4525 1124 4610 puniceae
1147 4522 1330 4608 amethysti
