3576 5376
515 780 656 833 nlvmls
678 780 873 834 OER'l'AlfflN
896 781 968 834 CVM
995 779 1105 832 soum

405 1524 516 1601 Quum
537 1541 599 1592 rex
620 1523 806 1592 immanem
828 1520 1025 1590 Terebinthi
1047 1520 1084 1587 in
1106 1518 1197 1590 valle
1218 1519 1350 1587 Goliam

319 1648 455 1717 Praelia
476 1649 691 1735 poscentem,
714 1665 778 1717 nec
800 1647 921 1716 contra
943 1662 1120 1730 assurgere
1142 1661 1347 1732 quemquam
1467 1672 1471 1681 ·

315 1773 424 1858 Vidit,
446 1775 484 1842 at
505 1773 638 1859 ingenti
661 1775 783 1860 captas
805 1771 984 1840 formidine
1007 1769 1128 1839 collem
1278 1861 1284 1868 Ι

315 1897 499 1984 Belligeras
519 1916 656 1968 servare
679 1916 801 1966 manus
823 1899 859 1965 et
881 1898 995 1966 costra
1016 1896 1152 1980 lovere,

251 2023 274 2089 5
317 2026 407 2092 Luce
428 2023 642 2110 quaterdena
665 2039 869 2109 quamquam
890 2020 939 2090 sol
963 2021 1102 2090 duceret
1125 2021 1259 2103 orbem3

316 2149 535 2235 Magnanimo
557 2147 750 2231 infremuit,
772 2147 947 2234 laudisque
969 2146 1129 2216 incensus
1150 2164 1267 2215 amore

314 2275 389 2360 Ipse
411 2274 544 2342 hostem
565 2275 700 2360 petere,
723 2272 794 2359 ipse
817 2289 957 2340 manum
979 2270 1136 2342 conterre
1158 2271 1311 2358 parabat

315 2397 424 2474 Quum
446 2399 536 2464 Puer
557 2395 700 2464 isacides
721 2394 903 2481 compellat
923 2394 1062 2463 vocibus
1084 2395 1190 2464 ultro:

314 2523 387 2600 Quo
408 2505 496 2604 mis,
518 2539 611 2591 anne
633 2539 739 2590 unum
761 2538 898 2608 pugnae
920 2521 958 2589 in
979 2519 1173 2589 discrimine
1195 2538 1315 2606 ragom

229 2647 271 2712 10
313 2647 429 2715 Fortia
449 2646 680 2733 nequidquam
701 2645 866 2714 iuvenum
888 2646 940 2713 tot
961 2645 1084 2714 robora
1105 2645 1272 2714 cernenti

315 2770 413 2838 Haud
435 2769 609 2856 equidem:
633 2767 705 2856 ipse
720 2767 852 2854 adeam,
875 2784 946 2835 non
961 2767 1013 2852 vi,
1035 2767 1096 2868 sed
1117 2768 1257 2836 nomine
1274 2767 1390 2836 fretus.

313 2895 460 2965 Numine
482 2894 591 2964 iratus
614 2911 678 2981 ego
700 2894 826 2962 nostris
847 2893 885 2960 in
906 2893 1078 2961 montibus
1099 2911 1217 2962 ursum

312 3021 384 3087 Hac
407 3017 608 3088 obtruncari
631 3018 770 3102 dextra,
793 3016 996 3106 timidasque
1019 3017 1168 3104 capellas

312 3144 478 3214 Faucibus
499 3143 607 3230 eripui
630 3160 800 3229 saevoque
823 3161 842 3210 e
865 3141 969 3212 dente
991 3143 1117 3226 leonis;

228 3271 269 3338 15
311 3270 419 3339 Multa
441 3269 558 3338 tremit
579 3285 809 3355 quassansque
830 3267 927 3336 iubas
947 3267 1036 3354 petit
1057 3284 1117 3336 ore
1140 3268 1304 3350 cruent0;

311 3394 365 3465 Nil
388 3394 536 3478 veritus,
559 3393 664 3462 firmis
685 3392 860 3478 obstringo
881 3394 1025 3478 guttura
1045 3391 1184 3478 palmis,

311 3521 356 3588 nt
376 3518 468 3588 cadit
488 3518 563 3588 ille:
587 3517 668 3586 ieris
691 3519 880 3585 monstrum
902 3517 967 3585 hoe
989 3533 1073 3584 num
1096 3515 1215 3617 fortius
1236 3514 1339 3602 ipsisi

310 3645 466 3726 Dixerat,
489 3646 527 3712 et
548 3643 704 3711 manibus
719 3644 869 3711 Puerum
891 3642 1086 3728 complexus
1108 3641 1260 3728 utrisque

313 3771 381 3839 Ora
401 3767 480 3838 Saul
501 3768 584 3838 fletu
605 3768 747 3848 irrorat,
773 3767 853 3835 dein
874 3767 1005 3836 lumina
1027 3765 1122 3836 caelo

224 3897 269 3964 20
311 3895 499 3978 Attollens,
522 3912 543 3962 o
567 3910 651 3980 quas
671 3891 792 3961 effudit
814 3894 953 3979 pectore
974 3909 1096 3960 voces:

318 4019 557 4105 Omnipotens,
579 4016 718 4103 generis
739 4018 840 4086 Iacob
861 4017 917 4086 cui
939 4016 1089 4086 maxima
1110 4031 1192 4086 cura
1213 4015 1282 4098 est,

312 4127 450 4214 Scilicet
467 4142 532 4213 hoc
553 4143 669 4212 nullae
690 4144 854 4229 poterunt
877 4141 998 4210 vicisse
1020 4140 1229 4228 phalanges,

317 4271 426 4348 Quum
448 4268 537 4338 tales
557 4269 682 4354 animi,
705 4287 811 4355 quum
832 4267 915 4337 talia
937 4269 1077 4355 pectora
1098 4266 1271 4335 crescant:

314 4395 472 4481 Auguror
493 4394 652 4481 auspiciis
672 4396 857 4464 succedent
879 4412 1040 4482 prospera
1061 4392 1187 4475 tantis,

224 4520 270 4588 25
316 4512 441 4605 visqna
463 4518 642 4588 Philistaei-
661 4520 783 4588 tenues
805 4520 969 4588 vanescet
991 4518 1028 4585 in
1050 4534 1161 4585 auras.

1278 4655 1310 4704 ns
