3560 5368
483 758 1142 950 Pnnnnrnos

602 1341 766 1424 Lrssnn
801 1340 1030 1424 unnulvs

682 2071 943 2141 luuvulluvn

250 2232 363 2280 Candidus
378 2233 452 2286 miles.
468 2232 497 2278 sb
513 2232 627 2279 lneobriue
643 2231 758 2291 Epieeople
773 2231 855 2279 misens
871 2231 976 2288 Romen,
992 2232 1071 2278 caedes
1087 2230 1264 2278 inclinationes
1280 2233 1381 2291 patmus

310 2315 481 2370 commemoret,
498 2313 627 2370 omoeertr'm
650 2312 690 2359 SS.
706 2312 805 2358 ornant
820 2314 844 2358 et
860 2313 971 2369 Proiecit,
988 2311 1082 2359 Ursicini
1098 2314 1122 2358 et
1138 2312 1233 2368 Vitatis,
1250 2312 1338 2358 Nunril
1355 2315 1380 2358 et

310 2393 376 2440 Celsi.
392 2393 453 2440 Simo
467 2393 566 2440 animum
589 2405 678 2440 sumens
693 2393 722 2440 ab
745 2392 831 2439 excidio
847 2392 1037 2450 Christianorum,
1062 2395 1125 2440 retus
1150 2393 1240 2440 Petrum
1263 2393 1377 2439 absentem

311 2488 373 2532 emo,
390 2473 484 2533 spondet
499 2473 578 2520 Neroni
595 2485 620 2520 se
634 2475 710 2520 solutu
726 2473 825 2532 proxime
840 2473 865 2519 in
880 2474 965 2520 endum
981 2486 1029 2520 eesc
1045 2473 1136 2520 iturum.
1152 2474 1232 2520 Petrus
1244 2487 1295 2520 vcro
1308 2473 1378 2533 inopi·

312 2557 365 2602 neto
381 2554 474 2601 Romam
490 2555 577 2602 miens
592 2554 715 2613 impensius
730 2553 806 2602 studet
821 2553 924 2613 operibus
939 2555 996 2600 sueri
1012 2554 1145 2612 ministerii,
1166 2557 1190 2600 et
1205 2555 1277 2601 sciens
1292 2567 1317 2602 eo
1332 2567 1381 2614 pru·
1405 2599 1413 2616 ,

312 2636 395 2682 rinunr
410 2635 491 2690 morti,
516 2635 594 2682 scribit
616 2635 736 2682 secundm
759 2634 891 2694 epistolem,
915 2647 982 2693 quern
1007 2635 1127 2682 committit
1143 2635 1243 2682 Cornelio
1257 2636 1379 2683 centurioni

312 2717 486 2774 mammonam
511 2715 623 2773 rediture,
646 2715 681 2763 cui
697 2716 766 2762 otium
788 2715 849 2762 urbis
864 2717 888 2762 et
903 2715 976 2774 populi
1002 2715 1098 2762 hebraici
1123 2716 1246 2775 proximum
1270 2715 1381 2763 excidium

309 2800 334 2844 et
347 2785 502 2856 motivitatem
517 2797 668 2858 praenuntiat.
693 2797 780 2844 interes
796 2796 900 2844 Simeon
916 2797 1009 2856 'torpete
1033 2811 1086 2856 rupe
1102 2798 1174 2854 ignito
1189 2811 1254 2844 curru
1274 2810 1313 2857 per
1329 2810 1381 2844 eoru

310 2879 439 2932 extolliturr
455 2879 494 2925 eod
511 2891 574 2936 uror,
591 2879 657 2926 Petro
673 2883 696 2925 et
714 2879 782 2926 Paulo
797 2879 955 2939 presulibus,
982 2881 1095 2939 praecipiti
1112 2893 1165 2926 casu
1181 2879 1276 2939 turpiter
1290 2879 1380 2926 cornrit.

311 2959 386 3006 beliue
400 2962 424 3006 et
439 2960 562 3016 Tigellinus
577 2960 668 3007 Petrum
677 2961 736 3020 opud
747 2961 856 3009 Neronem
871 2964 989 3018 eoeumnt,
1006 2961 1043 3021 qui
1059 2961 1083 3008 in
1094 2961 1253 3008 binmertinum
1270 2973 1379 3007 carcerem

310 3039 433 3087 coniicitur.
451 3040 567 3097 Contingit
582 3040 636 3088 broc
660 3041 719 3088 iuter
743 3041 851 3088 Pudentis
866 3043 953 3098 risum,
977 3042 1035 3101 quod
1052 3042 1120 3088 refert
1134 3042 1163 3088 ed
1180 3041 1294 3098 erigendos
1318 3041 1380 3088 Chri·

310 3121 408 3168 stiodom
431 3121 524 3168 nninroa
548 3121 604 3168 Dein
628 3121 708 3168 Petrus
731 3122 819 3182 ipsein
834 3135 922 3170 carcere
937 3123 1061 3182 umectum,
1086 3136 1142 3182 qnae
1166 3123 1273 3170 eventura
1297 3121 1379 3169 ltonm

309 3203 391 3258 erunt,
407 3203 530 3262 pmednit:
546 3203 570 3250 in
585 3204 622 3250 bis
636 3204 827 3262 innuiturdossme
842 3204 981 3251 immaculati
998 3205 1024 3252 v.
1040 3204 1071 3252 Μ.
1087 3203 1211 3264 &inceptus
1221 3203 1379 3260 senciendum,

308 3282 478 3342 habendumque
502 3283 633 3332 Vaticanum
650 3284 771 3332 Concilium
794 3285 823 3331 sd
847 3298 932 3332 errores
954 3287 978 3333 et
993 3285 1105 3332 Ecclesiae
1129 3286 1205 3332 bootes
1222 3285 1378 3345 profligandos.

311 3363 380 3410 Panlo
394 3365 423 3412 ed
438 3377 508 3424 equas
524 3365 611 3412 Salvias
622 3367 690 3424 ceput
705 3365 864 3413 obtruncetur:
881 3366 962 3414 Petrus
977 3367 1001 3414 ln
1012 3366 1093 3413 vertice
1109 3367 1201 3414 leoiculi
1212 3367 1270 3413 croci
1287 3379 1379 3425 suaper·

308 3444 376 3492 ditnr.
392 3445 451 3493 Hinc
467 3445 604 3493 Pentilicalis
619 3447 730 3494 Cntbedrn
740 3449 837 3496 universi
853 3449 955 3496 catholici
967 3448 1027 3496 orbis
1038 3449 1123 3496 Bonnee
1134 3448 1275 3501 instituitur:
1292 3461 1318 3494 ec
1330 3451 1380 3506 post

309 3525 396 3570 soeculo
411 3524 485 3572 decem
502 3527 526 3572 et
541 3527 591 3572 octo
606 3526 727 3574 maculeris
742 3529 850 3576 solemnia
865 3541 879 3573 a
898 3528 937 3574 Pio
953 3528 985 3576 lx
1000 3528 1146 3576 celebrantur.

406 3933 448 4000 Ut
473 3931 551 4000 belli
573 3933 709 4018 signnm
732 3951 873 4002 romana
896 3933 1020 4002 Caesar·
1042 3935 1086 4001 ab
1109 3935 1190 4002 urbo

317 4053 445 4121 Extulit
468 4055 505 4122 in
527 4053 697 4124 Christum
704 4075 714 4139 ;
739 4057 927 4143 caedesque
951 4059 1141 4126 miserrime
1162 4058 1292 4129 saevit.

316 4183 512 4268 Tempestas
534 4181 621 4250 flues
643 4182 743 4251 italos
766 4183 951 4252 bacchatur
974 4183 1011 4250 in
1033 4201 1169 4266 omnes,

317 4308 359 4375 Et
379 4309 494 4394 stupet
516 4308 664 4377 innocuo
686 4309 787 4378 tellus
808 4309 1001 4379 madefacta
1023 4328 1152 4380 cruore.

248 4439 270 4502 5
315 4437 399 4502 Tum
420 4436 508 4503 sacri
529 4435 666 4503 auxiliis
686 4435 819 4505 alacres
840 4454 1018 4506 occurrere
1041 4437 1132 4524 plebi

316 4563 473 4630 Paetores
495 4561 685 4649 animisque
708 4561 901 4632 labantibus
921 4563 1048 4632 addere
1070 4564 1177 4646 viros,
