3564 5376
313 1990 483 2076 earum,
517 1956 658 2083 magni
698 1954 932 2081 Augustini
954 1956 1157 2083 exemplu,
1195 1953 1441 2048 lectitarem.

314 2097 402 2193 Ubi
433 2130 533 2192 vero
555 2130 582 2191 a
602 2130 800 2191 curarum
836 2097 941 2191 mole
970 2097 1142 2224 paulum
1173 2095 1444 2221 interquievi‚

211 2239 214 2246 ’
316 2260 405 2335 tum
425 2240 560 2333 denuo
584 2272 648 2332 me
681 2237 834 2333 contuli
872 2238 927 2330 ad
960 2239 1286 2359 humanitatem,
1315 2256 1444 2364 atque

315 2414 367 2475 ex
386 2383 481 2500 hae,
519 2414 649 2508 quum
688 2379 848 2474 nefaria
875 2413 1016 2474 rerum
1044 2380 1307 2507 publicarum
1334 2412 1444 2473 eon-

315 2525 503 2620 versione
537 2524 719 2618 animum
758 2555 945 2617 moerore
988 2556 1180 2649 pressum
1222 2522 1444 2643 haberem,

316 2667 511 2763 solatium
541 2699 707 2794 quoque
739 2685 937 2793 expetere
957 2685 1082 2760 'ratus
1103 2698 1220 2786 sum,
1247 2664 1371 2791 idque
1392 2697 1446 2758 ex
1537 2742 1539 2745 .

316 2808 523 2904 sementia
542 2807 682 2902 cessit.
705 2807 775 2902 Ea
807 2806 951 2934 itaque
972 2807 1113 2902 studia
1147 2839 1257 2934 quae
1290 2805 1447 2899 adole-

317 2950 518 3046 scentiam
538 2950 735 3044 aluerunt
772 2982 908 3046 meam
929 2949 1111 3076 mihique
1135 2948 1374 3077 perfugium
1395 2980 1447 3042 ae

317 3093 511 3189 solatium
546 3091 736 3186 adversis
775 3091 816 3186 in
847 3092 976 3187 rebus
1015 3091 1269 3218 praebuere,
1298 3090 1447 3185 eadem

318 3268 425 3330 nune
458 3253 715 3330 senectutem
738 3234 966 3330 obiectant.
1001 3233 1138 3328 Video
1171 3233 1361 3361 equidem
1395 3265 1447 3326 ex

317 3378 426 3472 hisee
465 3377 718 3472 carminibus
750 3408 831 3470 non
868 3408 1004 3505 pauea
1049 3409 1142 3472 esse
1175 3409 1285 3502 quae
1326 3375 1448 3469 limae

316 3521 503 3614 laborem
526 3519 759 3646 postulent,
781 3519 893 3646 quod
915 3519 1013 3613 mihi
1034 3520 1118 3613 iam
1140 3550 1216 3612 nee
1246 3552 1322 3647 per
1344 3517 1447 3612 offi-

318 3662 426 3757 cium
449 3693 524 3756 nee
545 3695 620 3788 per
640 3681 828 3756 aetatem
848 3662 944 3757 lieet
964 3660 1146 3756 efficere:
1170 3661 1282 3787 quud
1305 3679 1445 3756 tamen

320 3836 427 3899 nova
455 3805 533 3897 hae
568 3803 745 3899 editione
773 3803 890 3897 unice
921 3824 1079 3932 speum,
1104 3804 1297 3898 nimirum
1319 3838 1449 3930 quum

239 4047 246 4062 ,
319 3948 568 4073 obsequium
589 3946 728 4041 latinis
748 3946 946 4040 exhibere
968 3946 1133 4066 litteris>
1155 3965 1246 4042 tum
1268 3946 1447 4074 potissi-

320 4125 432 4184 mum
455 4089 534 4183 Dei
553 4088 693 4215 optimi
711 4088 894 4209 maximi,
910 4108 1084 4183 sanetae
1102 4089 1192 4183 eius
1222 4088 1449 4184 Genitrieis

321 4232 526 4359 Virginis,
558 4231 851 4357 Caelitumque
888 4232 1111 4326 beatorum
1143 4232 1292 4327 laudes
1329 4231 1450 4325 eele-

318 4375 461 4494 brare,
491 4373 532 4466 id
553 4374 586 4468 si
610 4406 834 4501 assequar,
855 4374 960 4468 satis
981 4375 1131 4469 habeo,
1166 4373 1292 4468 Vale.
