<?xml version="1.0" encoding="UTF-8"?>
<!DOCTYPE html PUBLIC "-//W3C//DTD XHTML 1.0 Transitional//EN"
    "http://www.w3.org/TR/xhtml1/DTD/xhtml1-transitional.dtd">
<html xmlns="http://www.w3.org/1999/xhtml" xml:lang="en" lang="en">
 <head>
  <title>
</title>
<meta http-equiv="Content-Type" content="text/html;charset=utf-8" />
  <meta name='ocr-system' content='tesseract 3.04.00' />
  <meta name='ocr-capabilities' content='ocr_page ocr_carea ocr_par ocr_line ocrx_word'/>
</head>
<body>
  <div class='ocr_page' id='page_1' title='image "./carmina00morigoog_0025.png"; bbox 0 0 3564 5376; ppageno 0'>
   <div class='ocr_carea' id='block_1_1' title="bbox 372 543 1113 610">
    <p class='ocr_par' dir='ltr' id='par_1_1' title="bbox 372 543 1113 610">
     <span class='ocr_line' id='line_1_1' title="bbox 372 543 1113 610; baseline 0 -2"><span class='ocrx_word' id='word_1_1' title='bbox 372 543 415 608; x_wconf 82' lang='lat'><strong>20</strong></span> <span class='ocrx_word' id='word_1_2' title='bbox 851 558 1113 610; x_wconf 78' lang='lat' dir='ltr'><strong>nronuunnrnos</strong></span> 
     </span>
    </p>
   </div>
   <div class='ocr_carea' id='block_1_2' title="bbox 322 685 1535 4645">
    <p class='ocr_par' dir='ltr' id='par_1_2' title="bbox 322 685 1535 4645">
     <span class='ocr_line' id='line_1_2' title="bbox 565 685 1416 772; baseline 0 -20"><span class='ocrx_word' id='word_1_3' title='bbox 565 685 786 772; x_wconf 83' lang='lat' dir='ltr'><strong>Omnipotens</strong></span> <span class='ocrx_word' id='word_1_4' title='bbox 809 686 912 754; x_wconf 83' lang='lat' dir='ltr'><strong>tacito</strong></span> <span class='ocrx_word' id='word_1_5' title='bbox 936 687 1065 754; x_wconf 89' lang='lat' dir='ltr'><strong>turbari</strong></span> <span class='ocrx_word' id='word_1_6' title='bbox 1089 703 1260 754; x_wconf 92' lang='lat' dir='ltr'><strong>murmure</strong></span> <span class='ocrx_word' id='word_1_7' title='bbox 1282 687 1416 754; x_wconf 85' lang='lat' dir='ltr'><strong>caelum</strong></span> 
     </span>
     <span class='ocr_line' id='line_1_3' title="bbox 367 807 1417 898; baseline 0.002 -24"><span class='ocrx_word' id='word_1_8' title='bbox 367 807 433 874; x_wconf 84' lang='lat'><strong>395</strong></span> <span class='ocrx_word' id='word_1_9' title='bbox 477 810 596 892; x_wconf 84' lang='lat' dir='ltr'><strong>Novit,</strong></span> <span class='ocrx_word' id='word_1_10' title='bbox 619 813 656 878; x_wconf 87' lang='lat' dir='ltr'><strong>et</strong></span> <span class='ocrx_word' id='word_1_11' title='bbox 677 811 848 898; x_wconf 86' lang='lat' dir='ltr'><strong>extemplo</strong></span> <span class='ocrx_word' id='word_1_12' title='bbox 870 828 958 897; x_wconf 86' lang='lat' dir='ltr'><strong>quae</strong></span> <span class='ocrx_word' id='word_1_13' title='bbox 980 815 1060 878; x_wconf 91' lang='lat' dir='ltr'><strong>sunt</strong></span> <span class='ocrx_word' id='word_1_14' title='bbox 1075 812 1215 892; x_wconf 31' lang='lat' dir='ltr'><strong>,occulta</strong></span> <span class='ocrx_word' id='word_1_15' title='bbox 1238 814 1417 897; x_wconf 88' lang='lat' dir='ltr'><strong>penetrat;</strong></span> 
     </span>
     <span class='ocr_line' id='line_1_4' title="bbox 476 933 1355 1022; baseline 0.003 -23"><span class='ocrx_word' id='word_1_16' title='bbox 476 934 574 1000; x_wconf 91' lang='lat' dir='ltr'><strong>Illum</strong></span> <span class='ocrx_word' id='word_1_17' title='bbox 596 933 691 1002; x_wconf 85' lang='lat' dir='ltr'><strong>nulla</strong></span> <span class='ocrx_word' id='word_1_18' title='bbox 713 935 832 1003; x_wconf 91' lang='lat' dir='ltr'><strong>latent.</strong></span> <span class='ocrx_word' id='word_1_19' title='bbox 858 937 985 1003; x_wconf 88' lang='lat' dir='ltr'><strong>Verum</strong></span> <span class='ocrx_word' id='word_1_20' title='bbox 1010 936 1083 1022; x_wconf 91' lang='lat' dir='ltr'><strong>quis</strong></span> <span class='ocrx_word' id='word_1_21' title='bbox 1105 935 1235 1022; x_wconf 86' lang='lat' dir='ltr'><strong>praelia</strong></span> <span class='ocrx_word' id='word_1_22' title='bbox 1256 935 1355 1002; x_wconf 89' lang='lat' dir='ltr'><strong>dictis</strong></span> 
     </span>
     <span class='ocr_line' id='line_1_5' title="bbox 478 1059 1400 1145; baseline 0.001 -22"><span class='ocrx_word' id='word_1_23' title='bbox 478 1059 652 1144; x_wconf 84' lang='lat' dir='ltr'><strong>Exprimat</strong></span> <span class='ocrx_word' id='word_1_24' title='bbox 675 1059 849 1145; x_wconf 84' lang='lat' dir='ltr'><strong>Aligerum</strong></span> <span class='ocrx_word' id='word_1_25' title='bbox 872 1063 908 1128; x_wconf 91' lang='lat' dir='ltr'><strong>et</strong></span> <span class='ocrx_word' id='word_1_26' title='bbox 930 1060 1128 1128; x_wconf 82' lang='lat' dir='ltr'><strong>mortalibus</strong></span> <span class='ocrx_word' id='word_1_27' title='bbox 1149 1059 1265 1129; x_wconf 89' lang='lat' dir='ltr'><strong>abdita</strong></span> <span class='ocrx_word' id='word_1_28' title='bbox 1287 1059 1400 1128; x_wconf 84' lang='lat' dir='ltr'><strong>factal</strong></span> 
     </span>
     <span class='ocr_line' id='line_1_6' title="bbox 476 1185 1338 1273; baseline 0.005 -23"><span class='ocrx_word' id='word_1_29' title='bbox 476 1187 637 1252; x_wconf 84' lang='lat' dir='ltr'><strong>Attamen</strong></span> <span class='ocrx_word' id='word_1_30' title='bbox 661 1185 834 1268; x_wconf 86' lang='lat' dir='ltr'><strong>humanis,</strong></span> <span class='ocrx_word' id='word_1_31' title='bbox 859 1185 987 1270; x_wconf 85' lang='lat' dir='ltr'><strong>uisas,</strong></span> <span class='ocrx_word' id='word_1_32' title='bbox 1011 1204 1214 1273; x_wconf 90' lang='lat' dir='ltr'><strong>componere</strong></span> <span class='ocrx_word' id='word_1_33' title='bbox 1237 1188 1338 1254; x_wconf 92' lang='lat' dir='ltr'><strong>rebus</strong></span> 
     </span>
     <span class='ocr_line' id='line_1_7' title="bbox 476 1309 1419 1396; baseline 0.002 -21"><span class='ocrx_word' id='word_1_34' title='bbox 476 1309 624 1376; x_wconf 82' lang='lat' dir='ltr'><strong>Grandia</strong></span> <span class='ocrx_word' id='word_1_35' title='bbox 646 1312 745 1395; x_wconf 85' lang='lat' dir='ltr'><strong>gesta</strong></span> <span class='ocrx_word' id='word_1_36' title='bbox 767 1310 843 1396; x_wconf 88' lang='lat' dir='ltr'><strong>polo</strong></span> <span class='ocrx_word' id='word_1_37' title='bbox 866 1313 981 1379; x_wconf 89' lang='lat' dir='ltr'><strong>vestra</strong></span> <span class='ocrx_word' id='word_1_38' title='bbox 1002 1310 1064 1379; x_wconf 90' lang='lat' dir='ltr'><strong>sub</strong></span> <span class='ocrx_word' id='word_1_39' title='bbox 1086 1310 1237 1394; x_wconf 79' lang='lat' dir='ltr'><strong>imagine</strong></span> <span class='ocrx_word' id='word_1_40' title='bbox 1261 1311 1419 1396; x_wconf 83' lang='lat' dir='ltr'><strong>pandam.</strong></span> 
     </span>
     <span class='ocr_line' id='line_1_8' title="bbox 322 1433 1407 1519; baseline 0.005 -22"><span class='ocrx_word' id='word_1_41' title='bbox 322 1437 325 1443; x_wconf 86' lang='lat'>&#39;</span> <span class='ocrx_word' id='word_1_42' title='bbox 368 1433 432 1499; x_wconf 93' lang='grc'><strong>400</strong></span> <span class='ocrx_word' id='word_1_43' title='bbox 563 1434 702 1502; x_wconf 89' lang='lat' dir='ltr'><strong>Sedibus</strong></span> <span class='ocrx_word' id='word_1_44' title='bbox 722 1435 900 1519; x_wconf 79' lang='lat' dir='ltr'><strong>aetheriis,</strong></span> <span class='ocrx_word' id='word_1_45' title='bbox 924 1453 993 1505; x_wconf 95' lang='lat' dir='ltr'><strong>non</strong></span> <span class='ocrx_word' id='word_1_46' title='bbox 1017 1455 1085 1504; x_wconf 91' lang='lat' dir='ltr'><strong>uno</strong></span> <span class='ocrx_word' id='word_1_47' title='bbox 1107 1453 1152 1504; x_wconf 85' lang='lat' dir='ltr'><strong>ex</strong></span> <span class='ocrx_word' id='word_1_48' title='bbox 1173 1435 1292 1504; x_wconf 91' lang='lat' dir='ltr'><strong>ordine</strong></span> <span class='ocrx_word' id='word_1_49' title='bbox 1315 1435 1407 1504; x_wconf 88' lang='lat' dir='ltr'><strong>cives</strong></span> 
     </span>
     <span class='ocr_line' id='line_1_9' title="bbox 476 1557 1148 1645; baseline 0.003 -21"><span class='ocrx_word' id='word_1_50' title='bbox 476 1558 613 1643; x_wconf 87' lang='lat' dir='ltr'><strong>Decepti</strong></span> <span class='ocrx_word' id='word_1_51' title='bbox 636 1557 740 1626; x_wconf 85' lang='lat' dir='ltr'><strong>Satan</strong></span> <span class='ocrx_word' id='word_1_52' title='bbox 763 1559 898 1627; x_wconf 89' lang='lat' dir='ltr'><strong>hostilia</strong></span> <span class='ocrx_word' id='word_1_53' title='bbox 919 1560 1020 1645; x_wconf 87' lang='lat' dir='ltr'><strong>signa</strong></span> <span class='ocrx_word' id='word_1_54' title='bbox 1041 1561 1148 1630; x_wconf 90' lang='lat' dir='ltr'><strong>secuti</strong></span> 
     </span>
     <span class='ocr_line' id='line_1_10' title="bbox 475 1659 1434 1769; baseline 0.002 -22"><span class='ocrx_word' id='word_1_55' title='bbox 475 1681 652 1763; x_wconf 86' lang='lat' dir='ltr'><strong>Deiecere;</strong></span> <span class='ocrx_word' id='word_1_56' title='bbox 675 1685 810 1768; x_wconf 90' lang='lat' dir='ltr'><strong>praeest</strong></span> <span class='ocrx_word' id='word_1_57' title='bbox 831 1682 949 1752; x_wconf 86' lang='lat' dir='ltr'><strong>inflata</strong></span> <span class='ocrx_word' id='word_1_58' title='bbox 972 1687 1089 1754; x_wconf 90' lang='lat' dir='ltr'><strong>mente</strong></span> <span class='ocrx_word' id='word_1_59' title='bbox 1109 1683 1289 1769; x_wconf 90' lang='lat' dir='ltr'><strong>superbus:</strong></span> <span class='ocrx_word' id='word_1_60' title='bbox 1432 1659 1434 1666; x_wconf 41' lang='lat'><strong><em>¹</em></strong></span> 
     </span>
     <span class='ocr_line' id='line_1_11' title="bbox 476 1807 1366 1894; baseline 0 -20"><span class='ocrx_word' id='word_1_61' title='bbox 476 1807 535 1874; x_wconf 88' lang='lat' dir='ltr'><strong>ille</strong></span> <span class='ocrx_word' id='word_1_62' title='bbox 558 1808 618 1876; x_wconf 90' lang='lat' dir='ltr'><strong>Dei</strong></span> <span class='ocrx_word' id='word_1_63' title='bbox 639 1808 760 1876; x_wconf 90' lang='lat' dir='ltr'><strong>solium</strong></span> <span class='ocrx_word' id='word_1_64' title='bbox 781 1809 990 1894; x_wconf 85' lang='lat' dir='ltr'><strong>aggreditur,</strong></span> <span class='ocrx_word' id='word_1_65' title='bbox 1013 1810 1072 1876; x_wconf 91' lang='lat' dir='ltr'><strong>sed</strong></span> <span class='ocrx_word' id='word_1_66' title='bbox 1096 1809 1246 1877; x_wconf 90' lang='lat' dir='ltr'><strong>tristibus</strong></span> <span class='ocrx_word' id='word_1_67' title='bbox 1267 1809 1366 1876; x_wconf 90' lang='lat' dir='ltr'><strong>ansis.</strong></span> 
     </span>
     <span class='ocr_line' id='line_1_12' title="bbox 475 1932 1535 2020; baseline 0 -19"><span class='ocrx_word' id='word_1_68' title='bbox 475 1932 622 2001; x_wconf 85' lang='lat' dir='ltr'><strong>Cernere</strong></span> <span class='ocrx_word' id='word_1_69' title='bbox 644 1937 720 2002; x_wconf 89' lang='lat' dir='ltr'><strong>erat</strong></span> <span class='ocrx_word' id='word_1_70' title='bbox 742 1951 863 2002; x_wconf 89' lang='lat' dir='ltr'><strong>nemus</strong></span> <span class='ocrx_word' id='word_1_71' title='bbox 885 1935 1060 2002; x_wconf 83' lang='lat' dir='ltr'><strong>hastarum</strong></span> <span class='ocrx_word' id='word_1_72' title='bbox 1083 1933 1306 2020; x_wconf 84' lang='lat' dir='ltr'><strong>clypeumque</strong></span> <span class='ocrx_word' id='word_1_73' title='bbox 1329 1934 1535 2016; x_wconf 87' lang='lat' dir='ltr'><strong>micantum,</strong></span> 
     </span>
     <span class='ocr_line' id='line_1_13' title="bbox 366 2059 1299 2146; baseline 0.004 -24"><span class='ocrx_word' id='word_1_74' title='bbox 366 2059 430 2124; x_wconf 88' lang='grc'><strong>405</strong></span> <span class='ocrx_word' id='word_1_75' title='bbox 473 2062 515 2126; x_wconf 82' lang='lat' dir='ltr'><strong>nt</strong></span> <span class='ocrx_word' id='word_1_76' title='bbox 537 2061 607 2127; x_wconf 86' lang='lat' dir='ltr'><strong>tela</strong></span> <span class='ocrx_word' id='word_1_77' title='bbox 627 2062 665 2127; x_wconf 93' lang='lat' dir='ltr'><strong>et</strong></span> <span class='ocrx_word' id='word_1_78' title='bbox 687 2060 781 2146; x_wconf 87' lang='lat' dir='ltr'><strong>largo</strong></span> <span class='ocrx_word' id='word_1_79' title='bbox 804 2059 988 2129; x_wconf 86' lang='lat' dir='ltr'><strong>volitantes</strong></span> <span class='ocrx_word' id='word_1_80' title='bbox 1011 2061 1129 2128; x_wconf 94' lang='lat' dir='ltr'><strong>ordine</strong></span> <span class='ocrx_word' id='word_1_81' title='bbox 1153 2064 1299 2128; x_wconf 85' lang='lat' dir='ltr'><strong>turmas:</strong></span> 
     </span>
     <span class='ocr_line' id='line_1_14' title="bbox 475 2186 1277 2274; baseline 0 -20"><span class='ocrx_word' id='word_1_82' title='bbox 475 2187 545 2254; x_wconf 84' lang='lat' dir='ltr'><strong>Nec</strong></span> <span class='ocrx_word' id='word_1_83' title='bbox 569 2186 698 2254; x_wconf 89' lang='lat' dir='ltr'><strong>levibus</strong></span> <span class='ocrx_word' id='word_1_84' title='bbox 719 2186 815 2254; x_wconf 87' lang='lat' dir='ltr'><strong>caelo</strong></span> <span class='ocrx_word' id='word_1_85' title='bbox 839 2188 983 2272; x_wconf 83' lang='lat' dir='ltr'><strong>vestigia</strong></span> <span class='ocrx_word' id='word_1_86' title='bbox 1005 2189 1112 2273; x_wconf 85' lang='lat' dir='ltr'><strong>ligere</strong></span> <span class='ocrx_word' id='word_1_87' title='bbox 1134 2187 1277 2274; x_wconf 89' lang='lat' dir='ltr'><strong>plantis,</strong></span> 
     </span>
     <span class='ocr_line' id='line_1_15' title="bbox 474 2311 1361 2397; baseline 0 -22"><span class='ocrx_word' id='word_1_88' title='bbox 474 2311 760 2397; x_wconf 87' lang='lat' dir='ltr'><strong>Praepetibusque</strong></span> <span class='ocrx_word' id='word_1_89' title='bbox 783 2311 846 2378; x_wconf 87' lang='lat' dir='ltr'><strong>alis</strong></span> <span class='ocrx_word' id='word_1_90' title='bbox 866 2328 967 2379; x_wconf 91' lang='lat' dir='ltr'><strong>cursu</strong></span> <span class='ocrx_word' id='word_1_91' title='bbox 990 2314 1207 2397; x_wconf 87' lang='lat' dir='ltr'><strong>praevertere</strong></span> <span class='ocrx_word' id='word_1_92' title='bbox 1229 2312 1361 2378; x_wconf 81' lang='lat' dir='ltr'><strong>ventos</strong></span> 
     </span>
     <span class='ocr_line' id='line_1_16' title="bbox 472 2437 1334 2523; baseline -0.001 -17"><span class='ocrx_word' id='word_1_93' title='bbox 472 2439 631 2508; x_wconf 84' lang='lat' dir='ltr'><strong>Curribus</strong></span> <span class='ocrx_word' id='word_1_94' title='bbox 652 2439 797 2523; x_wconf 89' lang='lat' dir='ltr'><strong>erigitur</strong></span> <span class='ocrx_word' id='word_1_95' title='bbox 820 2439 924 2507; x_wconf 86' lang='lat' dir='ltr'><strong>Satan</strong></span> <span class='ocrx_word' id='word_1_96' title='bbox 948 2437 1198 2507; x_wconf 85' lang='lat' dir='ltr'><strong>flammantibus</strong></span> <span class='ocrx_word' id='word_1_97' title='bbox 1219 2441 1334 2521; x_wconf 89' lang='lat' dir='ltr'><strong>actus,</strong></span> 
     </span>
     <span class='ocr_line' id='line_1_17' title="bbox 475 2563 1399 2650; baseline -0.001 -20"><span class='ocrx_word' id='word_1_98' title='bbox 475 2563 613 2631; x_wconf 92' lang='lat' dir='ltr'><strong>Sublimi</strong></span> <span class='ocrx_word' id='word_1_99' title='bbox 636 2565 768 2630; x_wconf 92' lang='lat' dir='ltr'><strong>cervice</strong></span> <span class='ocrx_word' id='word_1_100' title='bbox 792 2581 875 2632; x_wconf 88' lang='lat' dir='ltr'><strong>auro</strong></span> <span class='ocrx_word' id='word_1_101' title='bbox 897 2565 1000 2650; x_wconf 89' lang='lat' dir='ltr'><strong>atque</strong></span> <span class='ocrx_word' id='word_1_102' title='bbox 1024 2565 1207 2631; x_wconf 86' lang='lat' dir='ltr'><strong>adamante</strong></span> <span class='ocrx_word' id='word_1_103' title='bbox 1230 2563 1399 2648; x_wconf 85' lang='lat' dir='ltr'><strong>refulget,</strong></span> 
     </span>
     <span class='ocr_line' id='line_1_18' title="bbox 366 2688 1383 2775; baseline -0.002 -21"><span class='ocrx_word' id='word_1_104' title='bbox 366 2691 430 2756; x_wconf 88' lang='grc'><strong>410</strong></span> <span class='ocrx_word' id='word_1_105' title='bbox 475 2689 719 2774; x_wconf 85' lang='lat' dir='ltr'><strong>Mentitamque</strong></span> <span class='ocrx_word' id='word_1_106' title='bbox 742 2689 802 2756; x_wconf 90' lang='lat' dir='ltr'><strong>Dei</strong></span> <span class='ocrx_word' id='word_1_107' title='bbox 823 2688 975 2775; x_wconf 81' lang='lat' dir='ltr'><strong>praefert</strong></span> <span class='ocrx_word' id='word_1_108' title='bbox 996 2689 1033 2755; x_wconf 94' lang='lat' dir='ltr'><strong>in</strong></span> <span class='ocrx_word' id='word_1_109' title='bbox 1056 2689 1208 2774; x_wconf 88' lang='lat' dir='ltr'><strong>imagine</strong></span> <span class='ocrx_word' id='word_1_110' title='bbox 1231 2688 1383 2756; x_wconf 81' lang='lat' dir='ltr'><strong>sormam.</strong></span> 
     </span>
     <span class='ocr_line' id='line_1_19' title="bbox 473 2815 1285 2883; baseline 0 -1"><span class='ocrx_word' id='word_1_111' title='bbox 473 2815 645 2882; x_wconf 87' lang='lat' dir='ltr'><strong>innumeri</strong></span> <span class='ocrx_word' id='word_1_112' title='bbox 667 2815 771 2882; x_wconf 88' lang='lat' dir='ltr'><strong>scutis</strong></span> <span class='ocrx_word' id='word_1_113' title='bbox 792 2815 919 2882; x_wconf 92' lang='lat' dir='ltr'><strong>circum</strong></span> <span class='ocrx_word' id='word_1_114' title='bbox 941 2817 1098 2883; x_wconf 88' lang='lat' dir='ltr'><strong>tutantur</strong></span> <span class='ocrx_word' id='word_1_115' title='bbox 1119 2817 1156 2882; x_wconf 93' lang='lat' dir='ltr'><strong>et</strong></span> <span class='ocrx_word' id='word_1_116' title='bbox 1177 2815 1285 2882; x_wconf 83' lang='lat' dir='ltr'><strong>hastis</strong></span> 
     </span>
     <span class='ocr_line' id='line_1_20' title="bbox 473 2938 1329 3025; baseline -0.002 -19"><span class='ocrx_word' id='word_1_117' title='bbox 473 2940 618 3008; x_wconf 89' lang='lat' dir='ltr'><strong>Pennati</strong></span> <span class='ocrx_word' id='word_1_118' title='bbox 640 2939 799 3023; x_wconf 90' lang='lat' dir='ltr'><strong>iuvenes,</strong></span> <span class='ocrx_word' id='word_1_119' title='bbox 822 2939 902 3008; x_wconf 87' lang='lat' dir='ltr'><strong>vae!</strong></span> <span class='ocrx_word' id='word_1_120' title='bbox 927 2941 1026 3025; x_wconf 85' lang='lat' dir='ltr'><strong>signa</strong></span> <span class='ocrx_word' id='word_1_121' title='bbox 1048 2939 1190 3008; x_wconf 86' lang='lat' dir='ltr'><strong>infanda</strong></span> <span class='ocrx_word' id='word_1_122' title='bbox 1212 2938 1329 3006; x_wconf 89' lang='lat' dir='ltr'><strong>secuti.</strong></span> 
     </span>
     <span class='ocr_line' id='line_1_21' title="bbox 472 3063 1396 3151; baseline -0.002 -21"><span class='ocrx_word' id='word_1_123' title='bbox 472 3065 598 3151; x_wconf 88' lang='lat' dir='ltr'><strong>Impius</strong></span> <span class='ocrx_word' id='word_1_124' title='bbox 619 3063 798 3132; x_wconf 87' lang='lat' dir='ltr'><strong>inclamat:</strong></span> <span class='ocrx_word' id='word_1_125' title='bbox 822 3065 963 3133; x_wconf 87' lang='lat' dir='ltr'><strong>Sedeam</strong></span> <span class='ocrx_word' id='word_1_126' title='bbox 985 3083 1086 3150; x_wconf 90' lang='lat' dir='ltr'><strong>super</strong></span> <span class='ocrx_word' id='word_1_127' title='bbox 1107 3067 1217 3146; x_wconf 87' lang='lat' dir='ltr'><strong>astra;</strong></span> <span class='ocrx_word' id='word_1_128' title='bbox 1241 3063 1396 3131; x_wconf 90' lang='lat' dir='ltr'><strong>Potentis</strong></span> 
     </span>
     <span class='ocr_line' id='line_1_22' title="bbox 472 3187 1392 3276; baseline 0 -22"><span class='ocrx_word' id='word_1_129' title='bbox 472 3189 662 3258; x_wconf 81' lang='lat' dir='ltr'><strong>Ascendam</strong></span> <span class='ocrx_word' id='word_1_130' title='bbox 683 3189 820 3272; x_wconf 90' lang='lat' dir='ltr'><strong>solium,</strong></span> <span class='ocrx_word' id='word_1_131' title='bbox 843 3189 1028 3276; x_wconf 89' lang='lat' dir='ltr'><strong>similisque</strong></span> <span class='ocrx_word' id='word_1_132' title='bbox 1051 3189 1223 3257; x_wconf 88' lang='lat' dir='ltr'><strong>Altissimo</strong></span> <span class='ocrx_word' id='word_1_133' title='bbox 1245 3188 1282 3255; x_wconf 89' lang='lat' dir='ltr'><strong>et</strong></span> <span class='ocrx_word' id='word_1_134' title='bbox 1304 3187 1392 3272; x_wconf 87' lang='lat' dir='ltr'><strong>ipse,</strong></span> 
     </span>
     <span class='ocr_line' id='line_1_23' title="bbox 365 3310 1415 3399; baseline -0.002 -21"><span class='ocrx_word' id='word_1_135' title='bbox 365 3314 428 3378; x_wconf 83' lang='lat'><strong>415</strong></span> <span class='ocrx_word' id='word_1_136' title='bbox 472 3316 545 3398; x_wconf 87' lang='lat' dir='ltr'><strong>Ipse</strong></span> <span class='ocrx_word' id='word_1_137' title='bbox 569 3316 705 3397; x_wconf 87' lang='lat' dir='ltr'><strong>egomet</strong></span> <span class='ocrx_word' id='word_1_138' title='bbox 727 3313 935 3381; x_wconf 71' lang='lat' dir='ltr'><strong>deminuo</strong></span> <span class='ocrx_word' id='word_1_139' title='bbox 958 3315 1043 3382; x_wconf 88' lang='lat' dir='ltr'><strong>baec</strong></span> <span class='ocrx_word' id='word_1_140' title='bbox 1066 3315 1128 3382; x_wconf 90' lang='lat' dir='ltr'><strong>sub</strong></span> <span class='ocrx_word' id='word_1_141' title='bbox 1150 3315 1287 3399; x_wconf 88' lang='lat' dir='ltr'><strong>pectore</strong></span> <span class='ocrx_word' id='word_1_142' title='bbox 1307 3310 1415 3378; x_wconf 92' lang='lat' dir='ltr'><strong>volvo.</strong></span> 
     </span>
     <span class='ocr_line' id='line_1_24' title="bbox 473 3437 1298 3524; baseline 0.002 -20"><span class='ocrx_word' id='word_1_143' title='bbox 473 3439 606 3524; x_wconf 85' lang='lat' dir='ltr'><strong>Ergone</strong></span> <span class='ocrx_word' id='word_1_144' title='bbox 628 3438 807 3507; x_wconf 87' lang='lat' dir='ltr'><strong>caelicolas</strong></span> <span class='ocrx_word' id='word_1_145' title='bbox 828 3437 943 3508; x_wconf 92' lang='lat' dir='ltr'><strong>divino</strong></span> <span class='ocrx_word' id='word_1_146' title='bbox 965 3457 985 3507; x_wconf 91' lang='grc'><strong>0</strong></span> <span class='ocrx_word' id='word_1_147' title='bbox 1008 3439 1163 3524; x_wconf 90' lang='lat' dir='ltr'><strong>germine</strong></span> <span class='ocrx_word' id='word_1_148' title='bbox 1187 3440 1298 3506; x_wconf 89' lang='lat' dir='ltr'><strong>cretos</strong></span> 
     </span>
     <span class='ocr_line' id='line_1_25' title="bbox 473 3562 1352 3648; baseline -0.001 -18"><span class='ocrx_word' id='word_1_149' title='bbox 473 3564 577 3648; x_wconf 85' lang='lat' dir='ltr'><strong>Ipsius</strong></span> <span class='ocrx_word' id='word_1_150' title='bbox 598 3566 635 3631; x_wconf 90' lang='lat' dir='ltr'><strong>et</strong></span> <span class='ocrx_word' id='word_1_151' title='bbox 655 3563 804 3632; x_wconf 87' lang='lat' dir='ltr'><strong>sobolem</strong></span> <span class='ocrx_word' id='word_1_152' title='bbox 828 3563 939 3632; x_wconf 88' lang='lat' dir='ltr'><strong>Patris</strong></span> <span class='ocrx_word' id='word_1_153' title='bbox 960 3567 997 3632; x_wconf 92' lang='lat' dir='ltr'><strong>et</strong></span> <span class='ocrx_word' id='word_1_154' title='bbox 1018 3562 1224 3632; x_wconf 89' lang='lat' dir='ltr'><strong>solemnibus</strong></span> <span class='ocrx_word' id='word_1_155' title='bbox 1246 3562 1352 3630; x_wconf 92' lang='lat' dir='ltr'><strong>isdem</strong></span> 
     </span>
     <span class='ocr_line' id='line_1_26' title="bbox 472 3686 1288 3771; baseline 0.002 -19"><span class='ocrx_word' id='word_1_156' title='bbox 472 3687 632 3755; x_wconf 84' lang='lat' dir='ltr'><strong>Assuetos</strong></span> <span class='ocrx_word' id='word_1_157' title='bbox 654 3687 803 3770; x_wconf 85' lang='lat' dir='ltr'><strong>choreis,</strong></span> <span class='ocrx_word' id='word_1_158' title='bbox 829 3686 923 3756; x_wconf 88' lang='lat' dir='ltr'><strong>iestis</strong></span> <span class='ocrx_word' id='word_1_159' title='bbox 945 3691 982 3756; x_wconf 92' lang='lat' dir='ltr'><strong>et</strong></span> <span class='ocrx_word' id='word_1_160' title='bbox 1003 3687 1176 3771; x_wconf 90' lang='lat' dir='ltr'><strong>laudibus,</strong></span> <span class='ocrx_word' id='word_1_161' title='bbox 1200 3704 1288 3754; x_wconf 90' lang='lat' dir='ltr'><strong>unus</strong></span> 
     </span>
     <span class='ocr_line' id='line_1_27' title="bbox 474 3812 1374 3897; baseline -0.003 -17"><span class='ocrx_word' id='word_1_162' title='bbox 474 3812 563 3888; x_wconf 86' lang='lat' dir='ltr'><strong>Quos</strong></span> <span class='ocrx_word' id='word_1_163' title='bbox 585 3812 691 3881; x_wconf 87' lang='lat' dir='ltr'><strong>dulcis</strong></span> <span class='ocrx_word' id='word_1_164' title='bbox 712 3813 877 3897; x_wconf 89' lang='lat' dir='ltr'><strong>iungebat</strong></span> <span class='ocrx_word' id='word_1_165' title='bbox 898 3831 1015 3894; x_wconf 90' lang='lat' dir='ltr'><strong>amor,</strong></span> <span class='ocrx_word' id='word_1_166' title='bbox 1038 3815 1241 3880; x_wconf 90' lang='lat' dir='ltr'><strong>convertere</strong></span> <span class='ocrx_word' id='word_1_167' title='bbox 1264 3812 1374 3878; x_wconf 92' lang='lat' dir='ltr'><strong>dirum</strong></span> 
     </span>
     <span class='ocr_line' id='line_1_28' title="bbox 364 3935 1449 4025; baseline -0.002 -22"><span class='ocrx_word' id='word_1_168' title='bbox 364 3939 428 4004; x_wconf 90' lang='grc'><strong>420</strong></span> <span class='ocrx_word' id='word_1_169' title='bbox 473 3937 551 4006; x_wconf 89' lang='grc'>8030</span> <span class='ocrx_word' id='word_1_170' title='bbox 573 3938 664 4005; x_wconf 88' lang='lat' dir='ltr'><strong>inter</strong></span> <span class='ocrx_word' id='word_1_171' title='bbox 687 3937 831 4020; x_wconf 83' lang='lat' dir='ltr'><strong>serrum,</strong></span> <span class='ocrx_word' id='word_1_172' title='bbox 853 3941 957 4025; x_wconf 90' lang='lat' dir='ltr'><strong>atque</strong></span> <span class='ocrx_word' id='word_1_173' title='bbox 980 3937 1132 4007; x_wconf 90' lang='lat' dir='ltr'><strong>adversis</strong></span> <span class='ocrx_word' id='word_1_174' title='bbox 1154 3937 1301 4006; x_wconf 90' lang='lat' dir='ltr'><strong>scindier</strong></span> <span class='ocrx_word' id='word_1_175' title='bbox 1322 3935 1449 4004; x_wconf 81' lang='lat' dir='ltr'><strong>&#39;armisi</strong></span> 
     </span>
     <span class='ocr_line' id='line_1_29' title="bbox 472 4063 1426 4150; baseline -0.003 -19"><span class='ocrx_word' id='word_1_176' title='bbox 472 4063 536 4131; x_wconf 89' lang='lat' dir='ltr'><strong>Sed</strong></span> <span class='ocrx_word' id='word_1_177' title='bbox 559 4063 639 4150; x_wconf 92' lang='lat' dir='ltr'><strong>quid</strong></span> <span class='ocrx_word' id='word_1_178' title='bbox 661 4063 771 4131; x_wconf 89' lang='lat' dir='ltr'><strong>adhuc</strong></span> <span class='ocrx_word' id='word_1_179' title='bbox 793 4064 927 4133; x_wconf 79' lang='lat' dir='ltr'><strong>morort</strong></span> <span class='ocrx_word' id='word_1_180' title='bbox 949 4063 1083 4148; x_wconf 90' lang='lat' dir='ltr'><strong>ingenti</strong></span> <span class='ocrx_word' id='word_1_181' title='bbox 1106 4080 1288 4131; x_wconf 89' lang='lat' dir='ltr'><strong>succensus</strong></span> <span class='ocrx_word' id='word_1_182' title='bbox 1309 4080 1426 4131; x_wconf 89' lang='lat' dir='ltr'><strong>amore</strong></span> 
     </span>
     <span class='ocr_line' id='line_1_30' title="bbox 473 4183 1479 4268; baseline -0.003 -16"><span class='ocrx_word' id='word_1_183' title='bbox 473 4185 639 4253; x_wconf 88' lang='lat' dir='ltr'><strong>inclamo:</strong></span> <span class='ocrx_word' id='word_1_184' title='bbox 665 4185 826 4261; x_wconf 86' lang='lat' dir='ltr'><strong>Quisnam</strong></span> <span class='ocrx_word' id='word_1_185' title='bbox 849 4188 888 4268; x_wconf 88' lang='lat' dir='ltr'><strong>ut</strong></span> <span class='ocrx_word' id='word_1_186' title='bbox 910 4185 1020 4254; x_wconf 84' lang='lat' dir='ltr'><strong>Densi</strong></span> <span class='ocrx_word' id='word_1_187' title='bbox 1042 4187 1079 4253; x_wconf 89' lang='lat' dir='ltr'><strong>et</strong></span> <span class='ocrx_word' id='word_1_188' title='bbox 1101 4184 1191 4252; x_wconf 87' lang='lat' dir='ltr'><strong>feror</strong></span> <span class='ocrx_word' id='word_1_189' title='bbox 1212 4202 1293 4252; x_wconf 88' lang='lat' dir='ltr'><strong>acer</strong></span> <span class='ocrx_word' id='word_1_190' title='bbox 1315 4183 1350 4251; x_wconf 94' lang='lat' dir='ltr'><strong>in</strong></span> <span class='ocrx_word' id='word_1_191' title='bbox 1373 4200 1479 4250; x_wconf 87' lang='lat' dir='ltr'><strong>arma.</strong></span> 
     </span>
     <span class='ocr_line' id='line_1_31' title="bbox 474 4308 1409 4397; baseline -0.001 -22"><span class='ocrx_word' id='word_1_192' title='bbox 474 4312 620 4378; x_wconf 65' lang='lat' dir='ltr'><strong>auratas</strong></span> <span class='ocrx_word' id='word_1_193' title='bbox 642 4310 744 4378; x_wconf 86' lang='lat' dir='ltr'><strong>dabat</strong></span> <span class='ocrx_word' id='word_1_194' title='bbox 766 4311 837 4397; x_wconf 89' lang='lat' dir='ltr'><strong>ipse</strong></span> <span class='ocrx_word' id='word_1_195' title='bbox 859 4313 946 4378; x_wconf 90' lang='lat' dir='ltr'><strong>Deus</strong></span> <span class='ocrx_word' id='word_1_196' title='bbox 969 4308 1207 4394; x_wconf 84' lang='lat' dir='ltr'><strong>flammamque</strong></span> <span class='ocrx_word' id='word_1_197' title='bbox 1231 4309 1409 4375; x_wconf 90' lang='lat' dir='ltr'><strong>vomentes</strong></span> 
     </span>
     <span class='ocr_line' id='line_1_32' title="bbox 473 4435 1272 4522; baseline -0.001 -20"><span class='ocrx_word' id='word_1_198' title='bbox 473 4437 653 4520; x_wconf 82' lang='lat' dir='ltr'><strong>Terribiles</strong></span> <span class='ocrx_word' id='word_1_199' title='bbox 675 4437 780 4522; x_wconf 87' lang='lat' dir='ltr'><strong>capiti</strong></span> <span class='ocrx_word' id='word_1_200' title='bbox 801 4435 938 4521; x_wconf 89' lang='lat' dir='ltr'><strong>galeas,</strong></span> <span class='ocrx_word' id='word_1_201' title='bbox 963 4439 999 4503; x_wconf 88' lang='lat' dir='ltr'><strong>et</strong></span> <span class='ocrx_word' id='word_1_202' title='bbox 1022 4435 1124 4503; x_wconf 85' lang='lat' dir='ltr'><strong>fortia</strong></span> <span class='ocrx_word' id='word_1_203' title='bbox 1146 4435 1272 4502; x_wconf 91' lang='lat' dir='ltr'><strong>circum</strong></span> 
     </span>
     <span class='ocr_line' id='line_1_33' title="bbox 365 4559 1315 4645; baseline 0 -19"><span class='ocrx_word' id='word_1_204' title='bbox 365 4563 429 4628; x_wconf 86' lang='grc'><strong>425</strong></span> <span class='ocrx_word' id='word_1_205' title='bbox 474 4561 617 4628; x_wconf 85' lang='lat' dir='ltr'><strong>Brachia</strong></span> <span class='ocrx_word' id='word_1_206' title='bbox 640 4561 798 4645; x_wconf 87' lang='lat' dir='ltr'><strong>cingebat</strong></span> <span class='ocrx_word' id='word_1_207' title='bbox 822 4561 920 4645; x_wconf 84' lang='lat' dir='ltr'><strong>peltis</strong></span> <span class='ocrx_word' id='word_1_208' title='bbox 942 4562 1125 4628; x_wconf 89' lang='lat' dir='ltr'><strong>adamante</strong></span> <span class='ocrx_word' id='word_1_209' title='bbox 1150 4559 1315 4640; x_wconf 88' lang='lat' dir='ltr'><strong>coruscis,</strong></span> 
     </span>
    </p>
   </div>
   <div class='ocr_carea' id='block_1_3' title="bbox 0 0 1786 5376">
    <p class='ocr_par' dir='ltr' id='par_1_3' title="bbox 0 0 1786 5376">
     <span class='ocr_line' id='line_1_34' title="bbox 0 0 1786 5376; baseline 0 0"><span class='ocrx_word' id='word_1_210' title='bbox 0 0 1786 5376; x_wconf 95' lang='lat' dir='ltr'><strong> </strong></span> 
     </span>
    </p>
   </div>
  </div>
 </body>
</html>
