3560 5368
666 743 896 824 ELEGIA
933 743 994 824 Vl

305 1033 361 1099 DE
382 1032 523 1101 iusve
545 1033 677 1103 ORVOE
698 1035 745 1101 IN
770 1034 927 1102 Meuius
948 1035 1133 1103 BRACHIA
1153 1035 1357 1102 DEPOSITO

335 2129 407 2195 Iam
429 2129 593 2197 tenebrae
616 2128 720 2196 caelis
741 2129 888 2209 abeunt,
911 2127 980 2195 iam
1003 2129 1096 2194 terra
1117 2125 1280 2213 quiescit,

422 2252 486 2320 Sed
508 2271 615 2340 pavor
636 2253 673 2320 in
695 2255 804 2320 teiam
824 2254 949 2336 regnat
969 2251 1081 2320 adhuc
1103 2250 1271 2336 Solymen.

335 2379 482 2465 Quisque
503 2379 593 2447 domi
615 2377 771 2463 timidus,
794 2378 953 2446 monstris
974 2377 1139 2446 exterrita
1161 2393 1258 2444 mens
1279 2377 1351 2458 est,

422 2503 649 2589 Desertaeque
670 2503 747 2571 viae
769 2506 931 2589 mutaque
953 2501 1081 2589 templa
1103 2501 1214 2569 silent.

271 2624 294 2688 5
339 2625 414 2710 Ipse
437 2626 554 2692 Annas
576 2625 744 2712 primunr,
765 2627 880 2695 caedis
902 2625 1085 2694 fabricator
1107 2623 1265 2709 iniquae,

428 2749 556 2818 Dicitur
579 2751 712 2837 ingenti
734 2751 910 2838 diriguisse
933 2753 1048 2820 metu:

339 2874 412 2940 Huc
434 2873 514 2941 illuc
537 2873 627 2942 curis
649 2877 743 2942 errat
774 2875 948 2943 furialibus
970 2878 1087 2955 actus,

424 3001 503 3067 Mox
525 3019 645 3070 amens
667 2999 743 3068 imis
764 3000 899 3068 abditur
920 3001 956 3067 in
980 2999 1138 3069 latebris:

335 3125 390 3192 Sic
412 3123 529 3194 foedus
550 3126 634 3195 cain
657 3125 812 3194 fraterna
835 3124 931 3194 clade
953 3127 1120 3210 vagatur,

252 3249 292 3314 10
423 3251 466 3316 Et
488 3249 589 3318 terris
611 3249 767 3319 homines
788 3251 890 3318 nocte
912 3249 1034 3336 dieque
1055 3250 1170 3334 pavet.

336 3373 389 3440 Ah
411 3373 547 3459 Solyma
569 3373 710 3459 infelix,
740 3391 900 3460 superum
922 3375 1051 3460 quanta
1071 3373 1230 3440 imminet
1251 3372 1321 3440 ira!

424 3499 498 3566 Heu
518 3501 684 3586 quantum
707 3498 836 3584 templo
858 3501 895 3566 et
916 3497 1046 3566 civibus
1067 3497 1256 3566 excidium!

336 3623 385 3688 En
411 3622 445 3689 te
468 3638 631 3690 romanae
653 3620 744 3690 vallo
767 3621 907 3690 cinxere
928 3619 1140 3707 phalanges:

425 3745 499 3813 Vae
522 3744 603 3812 tibii
627 3745 697 3814 iam
719 3745 846 3814 vindex
867 3744 978 3813 saevit
998 3745 1036 3812 in
1057 3763 1155 3814 arma
1177 3744 1280 3813 Titus.

252 3869 292 3936 15
335 3869 489 3955 Undique
512 3887 603 3938 mors
624 3868 802 3957 luctusque
824 3867 1009 3956 horrorque
1029 3868 1255 3955 incendiaque
1277 3868 1367 3937 alta!

423 3995 526 4061 Fiunt
546 4011 635 4078 quae
658 3993 802 4062 miserae
824 3992 1015 4079 praecinuit
1036 3992 1220 4062 lacrimans

336 4115 507 4200 Christus,
535 4119 573 4185 in
594 4117 736 4204 indigno
759 4117 817 4204 qui
839 4134 932 4186 nunc
953 4134 1111 4204 exangue
1134 4117 1301 4201 cadaver,

424 4244 576 4310 immane
599 4241 645 4309 ah
668 4241 819 4309 facinus!
850 4241 966 4328 stipite
989 4241 1116 4328 pendet
1137 4242 1258 4311 adhuc.

334 4367 396 4435 Hie
418 4367 560 4436 immota
582 4369 711 4434 Parens
733 4367 803 4435 stat
825 4365 1037 4453 dilectaeque
1059 4385 1191 4436 sorores

246 4488 290 4554 20
421 4487 640 4574 Zebdaeeque
662 4490 776 4568 satns3
799 4488 915 4555 cetera
937 4489 1038 4555 turba
1058 4486 1152 4555 abiit.
