3560 5368
697 771 931 856 nundin
966 770 1039 852 Ill

474 1066 529 1131 on
550 1065 686 1132 unum
707 1064 753 1135 ru
772 1062 899 1128 runnu
923 1060 1017 1128 msv
1038 1057 1261 1154 nmssmuu

780 1359 946 1370 ———-

375 2152 489 2219 Anxia
510 2169 571 2221 our
591 2155 691 2222 tanto
712 2153 879 2240 premitur
900 2170 978 2222 moa
999 2151 1107 2238 Virgo
1128 2148 1269 2217 dolorel

463 2281 505 2346 Et
528 2278 636 2346 sertor
658 2278 761 2349 celeri
784 2297 844 2347 cnr
865 2296 944 2347 mea
965 2279 1072 2364 Virgo
1093 2275 1200 2363 pede,

374 2403 418 2468 Ut
440 2403 581 2471 comites
602 2405 767 2490 quotquot
788 2404 932 2474 redeant
953 2421 997 2471 ex
1019 2404 1102 2473 urbe
1123 2401 1329 2489 propinquos

461 2528 645 2597 Ierusalem
668 2529 795 2597 crebris
815 2530 986 2615 quaeritet
1005 2527 1185 2615 alloquiis?

310 2651 332 2716 5
375 2651 450 2718 Non
471 2670 568 2721 secus
589 2673 631 2722 ao
653 2654 786 2741 pipiens
807 2655 940 2742 agitata
961 2657 1107 2740 vagatur
1130 2651 1299 2731 hirundo,

464 2778 541 2846 Dira
562 2779 664 2846 nimis
686 2779 774 2849 fetus
796 2781 851 2848 oui
873 2797 994 2848 manus
1015 2779 1172 2866 abripuit.

375 2900 654 2988 Quandoquidem
675 2904 834 2990 Solymis,
858 2907 1036 2991 postquam
1059 2903 1182 2971 festiva
1203 2898 1336 2984 peregit

461 3029 644 3114 Tempora,
668 3029 774 3114 Virgo
795 3030 917 3116 pedem
938 3029 1013 3096 visa
1033 3026 1162 3096 referre
1186 3024 1342 3102 domum;

375 3149 513 3236 lamque
535 3151 607 3220 dies
628 3153 768 3236 aberat,
797 3171 900 3240 quum
922 3151 1025 3237 longo
1047 3169 1161 3219 errore
1189 3149 1320 3215 viarum

292 3271 332 3338 10
462 3275 563 3345 Dulce
584 3278 784 3363 peregrinos
806 3277 933 3363 exeipit
955 3275 1146 3362 hospitium.

374 3397 544 3483 dogmatos
565 3400 657 3468 inter
680 3402 805 3470 trustra
827 3403 918 3469 Puer
939 3402 1042 3486 atque
1064 3398 1196 3467 sodales

463 3524 664 3599 Quaeritur:
687 3525 754 3595 heu
776 3526 895 3594 Matris
916 3527 1065 3595 cesserat
1086 3540 1129 3592 ex
1152 3519 1277 3589 oeulis!

377 3646 451 3715 Heu
472 3649 632 3717 miseram
654 3649 818 3719 Matrem!
843 3649 918 3737 quis
938 3652 975 3718 te
996 3645 1184 3717 solabiturl
1206 3644 1264 3710 illo

462 3772 592 3840 Amisso
614 3772 741 3840 oredin’
766 3772 882 3841 vivere
905 3791 1002 3859 posse
1023 3769 1139 3840 dieml

291 3893 331 3958 15
374 3893 461 3969 Quid
475 3895 572 3980 mihi,
589 3896 668 3984 quid
683 3896 828 3979 iactant,
846 3896 1021 3982 Salomon,
1038 3899 1098 3965 tua
1113 3895 1266 3965 earmina
1280 3909 1451 3980 sponsam,

464 4020 558 4096 Quae
580 4039 688 4090 vacuo
709 4038 853 4106 surgens
874 4021 1060 4108 irrequieta
1081 4023 1155 4089 toro

377 4143 497 4230 Erilit,
520 4147 686 4214 ettotam
708 4146 869 4215 dilectum
891 4149 993 4215 noote
1015 4163 1076 4231 per
1097 4147 1213 4214 urbem

462 4271 681 4356 Prosequitur
709 4271 833 4358 passim
856 4289 919 4358 per
940 4271 1014 4340 lora
1042 4288 1170 4358 perque
1192 4269 1288 4338 vias?

374 4394 515 4471 Quando
536 4413 664 4480 magna
685 4397 814 4464 Parens
836 4395 963 4464 crudeli
986 4396 1101 4464 saucia
1122 4413 1204 4464 cura

287 4521 331 4588 20
462 4520 619 4590 Sollicitis
640 4538 760 4589 omnes
781 4521 965 4607 questubus
986 4520 1189 4607 alloquitur:
