<?xml version="1.0" encoding="UTF-8"?>
<!DOCTYPE html PUBLIC "-//W3C//DTD XHTML 1.0 Transitional//EN"
    "http://www.w3.org/TR/xhtml1/DTD/xhtml1-transitional.dtd">
<html xmlns="http://www.w3.org/1999/xhtml" xml:lang="en" lang="en">
 <head>
  <title>
</title>
<meta http-equiv="Content-Type" content="text/html;charset=utf-8" />
  <meta name='ocr-system' content='tesseract 3.04.00' />
  <meta name='ocr-capabilities' content='ocr_page ocr_carea ocr_par ocr_line ocrx_word'/>
</head>
<body>
  <div class='ocr_page' id='page_1' title='image "./carmina00morigoog_0162.png"; bbox 0 0 3472 5360; ppageno 0'>
   <div class='ocr_carea' id='block_1_1' title="bbox 473 739 1129 874">
    <p class='ocr_par' dir='ltr' id='par_1_1' title="bbox 473 739 1129 874">
     <span class='ocr_line' id='line_1_1' title="bbox 473 739 1129 874; baseline -0.008 0"><span class='ocrx_word' id='word_1_1' title='bbox 473 739 1129 874; x_wconf 78' lang='lat' dir='ltr'><strong>PETREIDes</strong></span> 
     </span>
    </p>
   </div>
   <div class='ocr_carea' id='block_1_2' title="bbox 602 1323 1007 1438">
    <p class='ocr_par' dir='ltr' id='par_1_2' title="bbox 602 1323 1007 1438">
     <span class='ocr_line' id='line_1_2' title="bbox 602 1323 1007 1438; baseline -0.012 -30"><span class='ocrx_word' id='word_1_2' title='bbox 602 1325 765 1408; x_wconf 82' lang='lat' dir='ltr'><strong>uleus</strong></span> <span class='ocrx_word' id='word_1_3' title='bbox 801 1323 1007 1438; x_wconf 76' lang='lat' dir='ltr'><strong>surmus</strong></span> 
     </span>
    </p>
   </div>
   <div class='ocr_carea' id='block_1_3' title="bbox 703 1503 910 1512">
    <p class='ocr_par' dir='ltr' id='par_1_3' title="bbox 703 1503 910 1512">
     <span class='ocr_line' id='line_1_3' title="bbox 703 1503 910 1512; baseline -0.005 -1"><span class='ocrx_word' id='word_1_4' title='bbox 703 1503 910 1512; x_wconf 50' lang='lat' dir='ltr'><strong>——ss</strong></span> 
     </span>
    </p>
   </div>
   <div class='ocr_carea' id='block_1_4' title="bbox 672 2053 932 2124">
    <p class='ocr_par' dir='ltr' id='par_1_4' title="bbox 672 2053 932 2124">
     <span class='ocr_line' id='line_1_4' title="bbox 672 2053 932 2124; baseline 0.008 -2"><span class='ocrx_word' id='word_1_5' title='bbox 672 2053 932 2124; x_wconf 73' lang='lat' dir='ltr'><strong>assimulavit</strong></span> 
     </span>
    </p>
   </div>
   <div class='ocr_carea' id='block_1_5' title="bbox 240 2213 1369 3323">
    <p class='ocr_par' dir='ltr' id='par_1_5' title="bbox 240 2213 1369 3323">
     <span class='ocr_line' id='line_1_5' title="bbox 240 2213 1369 2275; baseline -0.002 -12"><span class='ocrx_word' id='word_1_6' title='bbox 240 2218 330 2272; x_wconf 86' lang='lat' dir='ltr'><strong>Petrus,</strong></span> <span class='ocrx_word' id='word_1_7' title='bbox 346 2216 425 2275; x_wconf 85' lang='lat' dir='ltr'><strong>hospes</strong></span> <span class='ocrx_word' id='word_1_8' title='bbox 440 2215 535 2264; x_wconf 82' lang='lat' dir='ltr'><strong>Cornelii</strong></span> <span class='ocrx_word' id='word_1_9' title='bbox 552 2215 660 2262; x_wconf 88' lang='lat' dir='ltr'><strong>Pudentis</strong></span> <span class='ocrx_word' id='word_1_10' title='bbox 675 2214 799 2271; x_wconf 73' lang='lat' dir='ltr'><strong>donatoris,</strong></span> <span class='ocrx_word' id='word_1_11' title='bbox 816 2214 840 2260; x_wconf 90' lang='lat' dir='ltr'><strong>iu</strong></span> <span class='ocrx_word' id='word_1_12' title='bbox 850 2214 898 2261; x_wconf 89' lang='lat' dir='ltr'><strong>eius</strong></span> <span class='ocrx_word' id='word_1_13' title='bbox 907 2213 999 2262; x_wconf 85' lang='lat' dir='ltr'><strong>aedlbus</strong></span> <span class='ocrx_word' id='word_1_14' title='bbox 1014 2215 1133 2274; x_wconf 83' lang='lat' dir='ltr'><strong>exquillnis</strong></span> <span class='ocrx_word' id='word_1_15' title='bbox 1147 2214 1247 2261; x_wconf 83' lang='lat' dir='ltr'><strong>celebrat</strong></span> <span class='ocrx_word' id='word_1_16' title='bbox 1256 2214 1369 2274; x_wconf 81' lang='lat' dir='ltr'><strong>paschalis</strong></span> 
     </span>
     <span class='ocr_line' id='line_1_6' title="bbox 299 2293 1369 2352; baseline -0.003 -10"><span class='ocrx_word' id='word_1_17' title='bbox 299 2297 357 2342; x_wconf 78' lang='lat' dir='ltr'><strong>leste</strong></span> <span class='ocrx_word' id='word_1_18' title='bbox 372 2295 424 2342; x_wconf 79' lang='lat' dir='ltr'><strong>auru</strong></span> <span class='ocrx_word' id='word_1_19' title='bbox 440 2295 530 2342; x_wconf 84' lang='lat' dir='ltr'><strong>LXllll.</strong></span> <span class='ocrx_word' id='word_1_20' title='bbox 547 2295 673 2342; x_wconf 73' lang='lat' dir='ltr'><strong>Semnum</strong></span> <span class='ocrx_word' id='word_1_21' title='bbox 689 2294 769 2349; x_wconf 81' lang='lat' dir='ltr'><strong>habet,</strong></span> <span class='ocrx_word' id='word_1_22' title='bbox 790 2294 906 2352; x_wconf 73' lang='lat' dir='ltr'>pluresque</span> <span class='ocrx_word' id='word_1_23' title='bbox 926 2307 1000 2340; x_wconf 73' lang='lat' dir='ltr'><strong>sacros</strong></span> <span class='ocrx_word' id='word_1_24' title='bbox 1022 2295 1125 2340; x_wconf 83' lang='lat' dir='ltr'><strong>Pesleres</strong></span> <span class='ocrx_word' id='word_1_25' title='bbox 1140 2295 1262 2340; x_wconf 84' lang='lat' dir='ltr'><strong>consecrat.</strong></span> <span class='ocrx_word' id='word_1_26' title='bbox 1279 2293 1369 2341; x_wconf 85' lang='lat' dir='ltr'><strong>Snnune</strong></span> 
     </span>
     <span class='ocr_line' id='line_1_7' title="bbox 301 2373 1369 2435; baseline -0.003 -12"><span class='ocrx_word' id='word_1_27' title='bbox 301 2389 365 2423; x_wconf 78' lang='lat' dir='ltr'><strong>mane</strong></span> <span class='ocrx_word' id='word_1_28' title='bbox 380 2377 474 2435; x_wconf 88' lang='lat' dir='ltr'><strong>populus</strong></span> <span class='ocrx_word' id='word_1_29' title='bbox 491 2388 593 2422; x_wconf 79' lang='lat' dir='ltr'><strong>renunes</strong></span> <span class='ocrx_word' id='word_1_30' title='bbox 608 2375 637 2421; x_wconf 82' lang='lat' dir='ltr'><strong>ed</strong></span> <span class='ocrx_word' id='word_1_31' title='bbox 652 2374 749 2421; x_wconf 75' lang='lat' dir='ltr'><strong>Floralia</strong></span> <span class='ocrx_word' id='word_1_32' title='bbox 765 2375 815 2421; x_wconf 89' lang='lat' dir='ltr'><strong>circi</strong></span> <span class='ocrx_word' id='word_1_33' title='bbox 832 2374 921 2421; x_wconf 76' lang='lat' dir='ltr'><strong>finitimi</strong></span> <span class='ocrx_word' id='word_1_34' title='bbox 937 2375 1047 2422; x_wconf 84' lang='lat' dir='ltr'><strong>convenil.</strong></span> <span class='ocrx_word' id='word_1_35' title='bbox 1064 2375 1151 2421; x_wconf 81' lang='lat' dir='ltr'><strong>luteres</strong></span> <span class='ocrx_word' id='word_1_36' title='bbox 1168 2373 1284 2422; x_wconf 83' lang='lat' dir='ltr'>Onesimus</span> <span class='ocrx_word' id='word_1_37' title='bbox 1301 2375 1369 2420; x_wconf 88' lang='lat' dir='ltr'><strong>Paule</strong></span> 
     </span>
     <span class='ocr_line' id='line_1_8' title="bbox 300 2443 1369 2514; baseline -0.003 -10"><span class='ocrx_word' id='word_1_38' title='bbox 300 2457 475 2513; x_wconf 70' lang='lat' dir='ltr'><strong>addictissimus,</strong></span> <span class='ocrx_word' id='word_1_39' title='bbox 497 2457 534 2514; x_wconf 87' lang='lat' dir='ltr'><strong>qui</strong></span> <span class='ocrx_word' id='word_1_40' title='bbox 556 2459 610 2503; x_wconf 81' lang='lat' dir='ltr'><strong>leuc</strong></span> <span class='ocrx_word' id='word_1_41' title='bbox 631 2457 736 2514; x_wconf 84' lang='lat' dir='ltr'><strong>temporis</strong></span> <span class='ocrx_word' id='word_1_42' title='bbox 751 2457 774 2501; x_wconf 92' lang='lat' dir='ltr'><strong>iu</strong></span> <span class='ocrx_word' id='word_1_43' title='bbox 792 2455 925 2502; x_wconf 80' lang='lat' dir='ltr'><strong>Mamertino</strong></span> <span class='ocrx_word' id='word_1_44' title='bbox 939 2469 1026 2502; x_wconf 86' lang='lat' dir='ltr'><strong>carcere</strong></span> <span class='ocrx_word' id='word_1_45' title='bbox 1042 2443 1195 2512; x_wconf 81' lang='lat' dir='ltr'><strong>detinebatur,</strong></span> <span class='ocrx_word' id='word_1_46' title='bbox 1217 2455 1244 2501; x_wconf 91' lang='lat' dir='ltr'><strong>de</strong></span> <span class='ocrx_word' id='word_1_47' title='bbox 1260 2469 1286 2502; x_wconf 88' lang='lat' dir='ltr'><strong>eo</strong></span> <span class='ocrx_word' id='word_1_48' title='bbox 1302 2455 1369 2502; x_wconf 76' lang='lat' dir='ltr'><strong>refert</strong></span> 
     </span>
     <span class='ocr_line' id='line_1_9' title="bbox 300 2536 1369 2594; baseline -0.001 -10"><span class='ocrx_word' id='word_1_49' title='bbox 300 2552 339 2584; x_wconf 86' lang='lat' dir='ltr'><strong>uec</strong></span> <span class='ocrx_word' id='word_1_50' title='bbox 356 2551 398 2584; x_wconf 88' lang='lat' dir='ltr'><strong>nen</strong></span> <span class='ocrx_word' id='word_1_51' title='bbox 409 2538 437 2584; x_wconf 88' lang='lat' dir='ltr'><strong>de</strong></span> <span class='ocrx_word' id='word_1_52' title='bbox 453 2550 540 2585; x_wconf 86' lang='lat' dir='ltr'><strong>rumore</strong></span> <span class='ocrx_word' id='word_1_53' title='bbox 555 2537 619 2584; x_wconf 90' lang='lat' dir='ltr'><strong>modo</strong></span> <span class='ocrx_word' id='word_1_54' title='bbox 634 2537 725 2594; x_wconf 83' lang='lat' dir='ltr'><strong>audito,</strong></span> <span class='ocrx_word' id='word_1_55' title='bbox 742 2536 849 2584; x_wconf 76' lang='lat' dir='ltr'><strong>Neronem</strong></span> <span class='ocrx_word' id='word_1_56' title='bbox 866 2537 965 2583; x_wconf 88' lang='lat' dir='ltr'><strong>reducem</strong></span> <span class='ocrx_word' id='word_1_57' title='bbox 982 2550 1009 2582; x_wconf 86' lang='lat' dir='ltr'><strong>ex</strong></span> <span class='ocrx_word' id='word_1_58' title='bbox 1028 2536 1111 2582; x_wconf 49' lang='lat' dir='ltr'><strong>llclruie</strong></span> <span class='ocrx_word' id='word_1_59' title='bbox 1127 2537 1266 2593; x_wconf 72' lang='lat' dir='ltr'><strong>rrarrlmgium</strong></span> <span class='ocrx_word' id='word_1_60' title='bbox 1283 2537 1369 2583; x_wconf 83' lang='lat' dir='ltr'><strong>iecisse.</strong></span> 
     </span>
     <span class='ocr_line' id='line_1_10' title="bbox 300 2617 1369 2677; baseline -0.002 -13"><span class='ocrx_word' id='word_1_61' title='bbox 300 2619 390 2666; x_wconf 86' lang='lat' dir='ltr'><strong>Interim</strong></span> <span class='ocrx_word' id='word_1_62' title='bbox 407 2619 486 2666; x_wconf 82' lang='lat' dir='ltr'><strong>Petrus</strong></span> <span class='ocrx_word' id='word_1_63' title='bbox 501 2619 591 2664; x_wconf 85' lang='lat' dir='ltr'><strong>strenue</strong></span> <span class='ocrx_word' id='word_1_64' title='bbox 606 2618 697 2665; x_wconf 80' lang='lat' dir='ltr'><strong>msxiuri</strong></span> <span class='ocrx_word' id='word_1_65' title='bbox 713 2617 812 2664; x_wconf 84' lang='lat' dir='ltr'><strong>Pastoris</strong></span> <span class='ocrx_word' id='word_1_66' title='bbox 827 2630 916 2664; x_wconf 86' lang='lat' dir='ltr'><strong>munera</strong></span> <span class='ocrx_word' id='word_1_67' title='bbox 931 2617 1039 2675; x_wconf 74' lang='lat' dir='ltr'><strong>mergitur,</strong></span> <span class='ocrx_word' id='word_1_68' title='bbox 1053 2617 1129 2664; x_wconf 77' lang='lat' dir='ltr'><strong>mdom</strong></span> <span class='ocrx_word' id='word_1_69' title='bbox 1146 2618 1191 2664; x_wconf 89' lang='lat' dir='ltr'><strong>iere</strong></span> <span class='ocrx_word' id='word_1_70' title='bbox 1206 2619 1312 2677; x_wconf 81' lang='lat' dir='ltr'><strong>tempere,</strong></span> <span class='ocrx_word' id='word_1_71' title='bbox 1326 2631 1369 2676; x_wconf 69' lang='lat' dir='ltr'><strong>quer</strong></span> 
     </span>
     <span class='ocr_line' id='line_1_11' title="bbox 300 2698 1368 2757; baseline -0.003 -11"><span class='ocrx_word' id='word_1_72' title='bbox 300 2701 360 2746; x_wconf 75' lang='lat' dir='ltr'><strong>Simo</strong></span> <span class='ocrx_word' id='word_1_73' title='bbox 370 2699 449 2756; x_wconf 72' lang='lat' dir='ltr'><strong>lingue</strong></span> <span class='ocrx_word' id='word_1_74' title='bbox 463 2699 494 2745; x_wconf 88' lang='lat' dir='ltr'><strong>nil</strong></span> <span class='ocrx_word' id='word_1_75' title='bbox 511 2699 592 2757; x_wconf 86' lang='lat' dir='ltr'><strong>linquit</strong></span> <span class='ocrx_word' id='word_1_76' title='bbox 607 2698 758 2756; x_wconf 73' lang='lat' dir='ltr'><strong>insulamn,</strong></span> <span class='ocrx_word' id='word_1_77' title='bbox 775 2701 800 2745; x_wconf 91' lang='lat' dir='ltr'><strong>ut</strong></span> <span class='ocrx_word' id='word_1_78' title='bbox 815 2711 891 2746; x_wconf 85' lang='lat' dir='ltr'><strong>omnes</strong></span> <span class='ocrx_word' id='word_1_79' title='bbox 901 2700 1034 2757; x_wconf 71' lang='lat' dir='ltr'><strong>eormmpet</strong></span> <span class='ocrx_word' id='word_1_80' title='bbox 1051 2699 1184 2756; x_wconf 70' lang='lat' dir='ltr'><strong>Tigellinus,</strong></span> <span class='ocrx_word' id='word_1_81' title='bbox 1200 2700 1280 2757; x_wconf 86' lang='lat' dir='ltr'><strong>ceptus</strong></span> <span class='ocrx_word' id='word_1_82' title='bbox 1294 2711 1368 2744; x_wconf 85' lang='lat' dir='ltr'><strong>aurore</strong></span> 
     </span>
     <span class='ocr_line' id='line_1_12' title="bbox 303 2779 1368 2838; baseline -0.002 -12"><span class='ocrx_word' id='word_1_83' title='bbox 303 2779 394 2836; x_wconf 66' lang='lat' dir='ltr'><strong>elegias,</strong></span> <span class='ocrx_word' id='word_1_84' title='bbox 411 2779 504 2836; x_wconf 73' lang='lat' dir='ltr'><strong>virginis</strong></span> <span class='ocrx_word' id='word_1_85' title='bbox 518 2779 668 2836; x_wconf 78' lang='lat' dir='ltr'><strong>christianae,</strong></span> <span class='ocrx_word' id='word_1_86' title='bbox 682 2793 732 2826; x_wconf 84' lang='lat' dir='ltr'><strong>eam</strong></span> <span class='ocrx_word' id='word_1_87' title='bbox 746 2780 774 2826; x_wconf 85' lang='lat' dir='ltr'><strong>sd</strong></span> <span class='ocrx_word' id='word_1_88' title='bbox 792 2793 815 2825; x_wconf 89' lang='lat' dir='ltr'><strong>sa</strong></span> <span class='ocrx_word' id='word_1_89' title='bbox 830 2779 919 2826; x_wconf 81' lang='lat' dir='ltr'><strong>trahere</strong></span> <span class='ocrx_word' id='word_1_90' title='bbox 934 2780 1031 2826; x_wconf 80' lang='lat' dir='ltr'><strong>Simonis</strong></span> <span class='ocrx_word' id='word_1_91' title='bbox 1045 2779 1173 2838; x_wconf 70' lang='lat' dir='ltr'><strong>praestigiis</strong></span> <span class='ocrx_word' id='word_1_92' title='bbox 1188 2779 1273 2825; x_wconf 72' lang='lat' dir='ltr'><strong>inruere·</strong></span> <span class='ocrx_word' id='word_1_93' title='bbox 1287 2781 1368 2825; x_wconf 72' lang='lat' dir='ltr'><strong>mulcet.</strong></span> 
     </span>
     <span class='ocr_line' id='line_1_13' title="bbox 300 2859 1367 2919; baseline -0.003 -11"><span class='ocrx_word' id='word_1_94' title='bbox 300 2861 343 2908; x_wconf 85' lang='lat' dir='ltr'><strong>llic</strong></span> <span class='ocrx_word' id='word_1_95' title='bbox 358 2873 444 2919; x_wconf 85' lang='lat' dir='ltr'><strong>quoqne</strong></span> <span class='ocrx_word' id='word_1_96' title='bbox 459 2861 571 2907; x_wconf 72' lang='lat' dir='ltr'><strong>inermium</strong></span> <span class='ocrx_word' id='word_1_97' title='bbox 586 2861 615 2908; x_wconf 81' lang='lat' dir='ltr'><strong>ad</strong></span> <span class='ocrx_word' id='word_1_98' title='bbox 632 2861 702 2908; x_wconf 82' lang='lat' dir='ltr'><strong>vitam</strong></span> <span class='ocrx_word' id='word_1_99' title='bbox 718 2873 820 2908; x_wconf 87' lang='lat' dir='ltr'><strong>rarocsre</strong></span> <span class='ocrx_word' id='word_1_100' title='bbox 836 2860 917 2908; x_wconf 77' lang='lat' dir='ltr'><strong>rdiimr</strong></span> <span class='ocrx_word' id='word_1_101' title='bbox 932 2861 1033 2908; x_wconf 80' lang='lat' dir='ltr'><strong>iuvenem</strong></span> <span class='ocrx_word' id='word_1_102' title='bbox 1048 2862 1159 2907; x_wconf 85' lang='lat' dir='ltr'><strong>mortuum</strong></span> <span class='ocrx_word' id='word_1_103' title='bbox 1174 2861 1198 2906; x_wconf 90' lang='lat' dir='ltr'><strong>iu</strong></span> <span class='ocrx_word' id='word_1_104' title='bbox 1214 2860 1329 2914; x_wconf 71' lang='lat' dir='ltr'><strong>Palatium</strong></span> <span class='ocrx_word' id='word_1_105' title='bbox 1345 2859 1367 2905; x_wconf 87' lang='lat' dir='ltr'><strong>id</strong></span> 
     </span>
     <span class='ocr_line' id='line_1_14' title="bbox 298 2929 1367 3000; baseline -0.001 -14"><span class='ocrx_word' id='word_1_106' title='bbox 298 2940 356 2999; x_wconf 83' lang='lat' dir='ltr'><strong>quel</strong></span> <span class='ocrx_word' id='word_1_107' title='bbox 368 2941 447 2988; x_wconf 84' lang='lat' dir='ltr'><strong>Petrus</strong></span> <span class='ocrx_word' id='word_1_108' title='bbox 457 2941 557 3000; x_wconf 77' lang='lat' dir='ltr'><strong>praestat</strong></span> <span class='ocrx_word' id='word_1_109' title='bbox 567 2941 678 2988; x_wconf 78' lang='lat' dir='ltr'><strong>facillime.</strong></span> <span class='ocrx_word' id='word_1_110' title='bbox 687 2941 801 2999; x_wconf 74' lang='lat' dir='ltr'><strong>iiemnliel</strong></span> <span class='ocrx_word' id='word_1_111' title='bbox 812 2941 880 2988; x_wconf 87' lang='lat' dir='ltr'><strong>Indae</strong></span> <span class='ocrx_word' id='word_1_112' title='bbox 890 2941 969 2998; x_wconf 83' lang='lat' dir='ltr'><strong>senior,</strong></span> <span class='ocrx_word' id='word_1_113' title='bbox 980 2929 1093 3000; x_wconf 83' lang='lat' dir='ltr'><strong>permotus</strong></span> <span class='ocrx_word' id='word_1_114' title='bbox 1105 2943 1206 2999; x_wconf 81' lang='lat' dir='ltr'><strong>periculo</strong></span> <span class='ocrx_word' id='word_1_115' title='bbox 1218 2941 1266 2998; x_wconf 83' lang='lat' dir='ltr'><strong>lroe,</strong></span> <span class='ocrx_word' id='word_1_116' title='bbox 1278 2941 1367 2986; x_wconf 79' lang='lat' dir='ltr'><strong>Petrum</strong></span> 
     </span>
     <span class='ocr_line' id='line_1_15' title="bbox 299 3021 1369 3080; baseline -0.001 -14"><span class='ocrx_word' id='word_1_117' title='bbox 299 3021 348 3067; x_wconf 84' lang='lat' dir='ltr'><strong>adit</strong></span> <span class='ocrx_word' id='word_1_118' title='bbox 364 3023 445 3077; x_wconf 70' lang='lat' dir='ltr'><strong>necat,</strong></span> <span class='ocrx_word' id='word_1_119' title='bbox 461 3035 495 3078; x_wconf 82' lang='lat' dir='ltr'><strong>ac,</strong></span> <span class='ocrx_word' id='word_1_120' title='bbox 512 3023 563 3080; x_wconf 87' lang='lat' dir='ltr'><strong>pest</strong></span> <span class='ocrx_word' id='word_1_121' title='bbox 578 3022 710 3080; x_wconf 84' lang='lat' dir='ltr'><strong>colloquium</strong></span> <span class='ocrx_word' id='word_1_122' title='bbox 726 3034 776 3068; x_wconf 91' lang='lat' dir='ltr'><strong>cum</strong></span> <span class='ocrx_word' id='word_1_123' title='bbox 792 3035 818 3068; x_wconf 87' lang='lat' dir='ltr'><strong>eo</strong></span> <span class='ocrx_word' id='word_1_124' title='bbox 833 3021 942 3078; x_wconf 82' lang='lat' dir='ltr'><strong>hobitum,</strong></span> <span class='ocrx_word' id='word_1_125' title='bbox 957 3021 1079 3068; x_wconf 86' lang='lat' dir='ltr'><strong>christiano</strong></span> <span class='ocrx_word' id='word_1_126' title='bbox 1095 3021 1156 3077; x_wconf 73' lang='lat' dir='ltr'><strong>pragi</strong></span> <span class='ocrx_word' id='word_1_127' title='bbox 1171 3021 1307 3076; x_wconf 82' lang='lat' dir='ltr'><strong>accensetur,</strong></span> <span class='ocrx_word' id='word_1_128' title='bbox 1320 3022 1369 3079; x_wconf 90' lang='lat' dir='ltr'><strong>plu-</strong></span> 
     </span>
     <span class='ocr_line' id='line_1_16' title="bbox 298 3101 1368 3162; baseline -0.001 -13"><span class='ocrx_word' id='word_1_129' title='bbox 298 3114 376 3160; x_wconf 87' lang='lat' dir='ltr'><strong>rosque</strong></span> <span class='ocrx_word' id='word_1_130' title='bbox 391 3102 467 3149; x_wconf 78' lang='lat' dir='ltr'><strong>ludaei</strong></span> <span class='ocrx_word' id='word_1_131' title='bbox 484 3103 547 3149; x_wconf 89' lang='lat' dir='ltr'><strong>illum</strong></span> <span class='ocrx_word' id='word_1_132' title='bbox 562 3105 691 3161; x_wconf 80' lang='lat' dir='ltr'><strong>sequuntur.</strong></span> <span class='ocrx_word' id='word_1_133' title='bbox 709 3102 795 3149; x_wconf 79' lang='lat' dir='ltr'><strong>luteres</strong></span> <span class='ocrx_word' id='word_1_134' title='bbox 811 3103 869 3149; x_wconf 87' lang='lat' dir='ltr'><strong>Nero</strong></span> <span class='ocrx_word' id='word_1_135' title='bbox 884 3103 1003 3162; x_wconf 81' lang='lat' dir='ltr'><strong>improviso</strong></span> <span class='ocrx_word' id='word_1_136' title='bbox 1018 3102 1121 3158; x_wconf 82' lang='lat' dir='ltr'><strong>rediens,</strong></span> <span class='ocrx_word' id='word_1_137' title='bbox 1137 3103 1199 3148; x_wconf 79' lang='lat' dir='ltr'><strong>valui</strong></span> <span class='ocrx_word' id='word_1_138' title='bbox 1213 3101 1368 3160; x_wconf 78' lang='lat' dir='ltr'><strong>triumphans,</strong></span> 
     </span>
     <span class='ocr_line' id='line_1_17' title="bbox 302 3182 1369 3242; baseline -0.002 -12"><span class='ocrx_word' id='word_1_139' title='bbox 302 3183 384 3230; x_wconf 85' lang='lat' dir='ltr'><strong>Urbem</strong></span> <span class='ocrx_word' id='word_1_140' title='bbox 399 3182 529 3240; x_wconf 69' lang='lat' dir='ltr'><strong>ingreditur.</strong></span> <span class='ocrx_word' id='word_1_141' title='bbox 554 3184 580 3229; x_wconf 94' lang='lat' dir='ltr'><strong>ln</strong></span> <span class='ocrx_word' id='word_1_142' title='bbox 596 3184 701 3242; x_wconf 75' lang='lat' dir='ltr'><strong>palatinus</strong></span> <span class='ocrx_word' id='word_1_143' title='bbox 717 3183 809 3230; x_wconf 82' lang='lat' dir='ltr'><strong>sedibus</strong></span> <span class='ocrx_word' id='word_1_144' title='bbox 833 3197 913 3240; x_wconf 73' lang='lat' dir='ltr'><strong>meges</strong></span> <span class='ocrx_word' id='word_1_145' title='bbox 929 3197 983 3230; x_wconf 87' lang='lat' dir='ltr'><strong>cene</strong></span> <span class='ocrx_word' id='word_1_146' title='bbox 999 3183 1186 3240; x_wconf 68' lang='lat' dir='ltr'><strong>paratusne,</strong></span> <span class='ocrx_word' id='word_1_147' title='bbox 1209 3183 1330 3240; x_wconf 73' lang='lat' dir='ltr'><strong>Tigellinus</strong></span> <span class='ocrx_word' id='word_1_148' title='bbox 1345 3185 1369 3229; x_wconf 85' lang='lat' dir='ltr'><strong>et</strong></span> 
     </span>
     <span class='ocr_line' id='line_1_18' title="bbox 299 3263 1337 3323; baseline 0.001 -14"><span class='ocrx_word' id='word_1_149' title='bbox 299 3263 374 3310; x_wconf 75' lang='lat' dir='ltr'><strong>Aelius</strong></span> <span class='ocrx_word' id='word_1_150' title='bbox 388 3264 411 3310; x_wconf 92' lang='lat' dir='ltr'><strong>in</strong></span> <span class='ocrx_word' id='word_1_151' title='bbox 428 3263 566 3312; x_wconf 79' lang='lat' dir='ltr'><strong>Chrisle&#39;snos</strong></span> <span class='ocrx_word' id='word_1_152' title='bbox 581 3265 771 3323; x_wconf 67' lang='lat' dir='ltr'><strong>[summationem.</strong></span> <span class='ocrx_word' id='word_1_153' title='bbox 788 3263 883 3312; x_wconf 81' lang='lat' dir='ltr'><strong>maxime</strong></span> <span class='ocrx_word' id='word_1_154' title='bbox 897 3265 921 3312; x_wconf 89' lang='lat' dir='ltr'><strong>in</strong></span> <span class='ocrx_word' id='word_1_155' title='bbox 937 3265 1040 3321; x_wconf 81' lang='lat' dir='ltr'><strong>Petrum,</strong></span> <span class='ocrx_word' id='word_1_156' title='bbox 1056 3263 1112 3310; x_wconf 85' lang='lat' dir='ltr'><strong>inite</strong></span> <span class='ocrx_word' id='word_1_157' title='bbox 1127 3264 1234 3320; x_wconf 84' lang='lat' dir='ltr'><strong>consilio,</strong></span> <span class='ocrx_word' id='word_1_158' title='bbox 1249 3265 1337 3323; x_wconf 85' lang='lat' dir='ltr'><strong>purant.</strong></span> 
     </span>
    </p>
   </div>
   <div class='ocr_carea' id='block_1_6' title="bbox 232 3641 1340 4638">
    <p class='ocr_par' dir='ltr' id='par_1_6' title="bbox 232 3641 1340 4638">
     <span class='ocr_line' id='line_1_19' title="bbox 392 3641 1231 3754; baseline 0.004 -21"><span class='ocrx_word' id='word_1_159' title='bbox 392 3665 539 3735; x_wconf 89' lang='lat' dir='ltr'><strong>Dicimus</strong></span> <span class='ocrx_word' id='word_1_160' title='bbox 562 3670 690 3749; x_wconf 89' lang='lat' dir='ltr'><strong>Heroa,</strong></span> <span class='ocrx_word' id='word_1_161' title='bbox 714 3685 733 3734; x_wconf 93' lang='lat' dir='ltr'><strong>e</strong></span> <span class='ocrx_word' id='word_1_162' title='bbox 757 3667 859 3736; x_wconf 88' lang='lat' dir='ltr'><strong>Iudae</strong></span> <span class='ocrx_word' id='word_1_163' title='bbox 881 3669 939 3754; x_wconf 88' lang='lat' dir='ltr'><strong>qui</strong></span> <span class='ocrx_word' id='word_1_164' title='bbox 963 3641 1086 3736; x_wconf 82' lang='lat' dir='ltr'><strong>linibus</strong></span> <span class='ocrx_word' id='word_1_165' title='bbox 1108 3669 1231 3736; x_wconf 84' lang='lat' dir='ltr'><strong>Urbem</strong></span> 
     </span>
     <span class='ocr_line' id='line_1_20' title="bbox 307 3791 1187 3879; baseline 0.003 -22"><span class='ocrx_word' id='word_1_166' title='bbox 307 3791 470 3876; x_wconf 74' lang='lat' dir='ltr'><strong>Advenit,</strong></span> <span class='ocrx_word' id='word_1_167' title='bbox 493 3795 530 3860; x_wconf 92' lang='lat' dir='ltr'><strong>et</strong></span> <span class='ocrx_word' id='word_1_168' title='bbox 551 3792 674 3861; x_wconf 84' lang='lat' dir='ltr'><strong>Christi</strong></span> <span class='ocrx_word' id='word_1_169' title='bbox 705 3793 876 3879; x_wconf 82' lang='lat' dir='ltr'><strong>praesenti</strong></span> <span class='ocrx_word' id='word_1_170' title='bbox 908 3793 1048 3861; x_wconf 92' lang='lat' dir='ltr'><strong>numine</strong></span> <span class='ocrx_word' id='word_1_171' title='bbox 1079 3794 1187 3861; x_wconf 88' lang='lat' dir='ltr'><strong>victer</strong></span> 
     </span>
     <span class='ocr_line' id='line_1_21' title="bbox 305 3917 1162 4006; baseline 0.004 -21"><span class='ocrx_word' id='word_1_172' title='bbox 305 3917 426 3986; x_wconf 82' lang='lat' dir='ltr'><strong>Sacrae</strong></span> <span class='ocrx_word' id='word_1_173' title='bbox 447 3919 547 4006; x_wconf 82' lang='lat' dir='ltr'><strong>signa</strong></span> <span class='ocrx_word' id='word_1_174' title='bbox 569 3918 684 3988; x_wconf 87' lang='lat' dir='ltr'><strong>Crucis</strong></span> <span class='ocrx_word' id='word_1_175' title='bbox 715 3919 865 3988; x_wconf 89' lang='lat' dir='ltr'><strong>romanis</strong></span> <span class='ocrx_word' id='word_1_176' title='bbox 885 3921 1019 3988; x_wconf 86' lang='lat' dir='ltr'><strong>arcibus</strong></span> <span class='ocrx_word' id='word_1_177' title='bbox 1041 3920 1162 4003; x_wconf 85' lang='lat' dir='ltr'><strong>infert,</strong></span> 
     </span>
     <span class='ocr_line' id='line_1_22' title="bbox 306 4045 1297 4133; baseline 0.003 -22"><span class='ocrx_word' id='word_1_178' title='bbox 306 4048 427 4114; x_wconf 88' lang='lat' dir='ltr'><strong>Passus</strong></span> <span class='ocrx_word' id='word_1_179' title='bbox 449 4045 569 4129; x_wconf 82' lang='lat' dir='ltr'><strong>multa,</strong></span> <span class='ocrx_word' id='word_1_180' title='bbox 593 4047 683 4115; x_wconf 82' lang='lat' dir='ltr'><strong>Ievis</strong></span> <span class='ocrx_word' id='word_1_181' title='bbox 703 4045 784 4114; x_wconf 91' lang='lat' dir='ltr'><strong>dum</strong></span> <span class='ocrx_word' id='word_1_182' title='bbox 808 4049 943 4133; x_wconf 83' lang='lat' dir='ltr'><strong>turpem</strong></span> <span class='ocrx_word' id='word_1_183' title='bbox 966 4050 1140 4117; x_wconf 87' lang='lat' dir='ltr'><strong>everteret</strong></span> <span class='ocrx_word' id='word_1_184' title='bbox 1161 4049 1297 4130; x_wconf 88' lang='lat' dir='ltr'><strong>aedem,</strong></span> 
     </span>
     <span class='ocr_line' id='line_1_23' title="bbox 239 4171 1185 4257; baseline 0.005 -20"><span class='ocrx_word' id='word_1_185' title='bbox 239 4175 260 4236; x_wconf 76' lang='lat'>5</span> <span class='ocrx_word' id='word_1_186' title='bbox 305 4171 468 4240; x_wconf 82' lang='lat' dir='ltr'><strong>Vincerat</strong></span> <span class='ocrx_word' id='word_1_187' title='bbox 489 4175 526 4240; x_wconf 86' lang='lat' dir='ltr'><strong>el</strong></span> <span class='ocrx_word' id='word_1_188' title='bbox 548 4173 652 4241; x_wconf 87' lang='lat' dir='ltr'><strong>Satan</strong></span> <span class='ocrx_word' id='word_1_189' title='bbox 677 4173 826 4257; x_wconf 79' lang='lat' dir='ltr'><strong>magicas</strong></span> <span class='ocrx_word' id='word_1_190' title='bbox 849 4173 993 4242; x_wconf 90' lang='lat' dir='ltr'><strong>Simonis</strong></span> <span class='ocrx_word' id='word_1_191' title='bbox 1015 4177 1050 4242; x_wconf 91' lang='lat' dir='ltr'><strong>el</strong></span> <span class='ocrx_word' id='word_1_192' title='bbox 1072 4177 1185 4256; x_wconf 88' lang='lat' dir='ltr'><strong>artes,</strong></span> 
     </span>
     <span class='ocr_line' id='line_1_24' title="bbox 232 4296 1123 4385; baseline -0.002 -17"><span class='ocrx_word' id='word_1_193' title='bbox 232 4361 235 4368; x_wconf 89' lang='lat'>.</span> <span class='ocrx_word' id='word_1_194' title='bbox 305 4298 417 4366; x_wconf 90' lang='lat' dir='ltr'><strong>Donec</strong></span> <span class='ocrx_word' id='word_1_195' title='bbox 439 4296 581 4365; x_wconf 88' lang='lat' dir='ltr'><strong>Ianiculi</strong></span> <span class='ocrx_word' id='word_1_196' title='bbox 604 4300 737 4366; x_wconf 88' lang='lat' dir='ltr'><strong>roraret</strong></span> <span class='ocrx_word' id='word_1_197' title='bbox 759 4299 928 4385; x_wconf 84' lang='lat' dir='ltr'><strong>sanguine</strong></span> <span class='ocrx_word' id='word_1_198' title='bbox 951 4301 1123 4383; x_wconf 89' lang='lat' dir='ltr'><strong>montem,</strong></span> 
     </span>
     <span class='ocr_line' id='line_1_25' title="bbox 304 4421 1340 4509; baseline 0.001 -20"><span class='ocrx_word' id='word_1_199' title='bbox 304 4421 530 4490; x_wconf 83' lang='lat' dir='ltr'><strong>christiadum</strong></span> <span class='ocrx_word' id='word_1_200' title='bbox 553 4441 722 4491; x_wconf 87' lang='lat' dir='ltr'><strong>summurn</strong></span> <span class='ocrx_word' id='word_1_201' title='bbox 744 4423 874 4509; x_wconf 86' lang='lat' dir='ltr'><strong>Caput,</strong></span> <span class='ocrx_word' id='word_1_202' title='bbox 899 4424 988 4492; x_wconf 90' lang='lat' dir='ltr'><strong>unde</strong></span> <span class='ocrx_word' id='word_1_203' title='bbox 1011 4428 1047 4492; x_wconf 90' lang='lat' dir='ltr'><strong>el</strong></span> <span class='ocrx_word' id='word_1_204' title='bbox 1069 4423 1237 4492; x_wconf 79' lang='lat' dir='ltr'><strong>maximus</strong></span> <span class='ocrx_word' id='word_1_205' title='bbox 1258 4426 1340 4492; x_wconf 79' lang='lat' dir='ltr'><strong>orcle</strong></span> 
     </span>
     <span class='ocr_line' id='line_1_26' title="bbox 304 4549 1323 4638; baseline 0.003 -24"><span class='ocrx_word' id='word_1_206' title='bbox 304 4549 505 4618; x_wconf 85' lang='lat' dir='ltr'><strong>Pontificum</strong></span> <span class='ocrx_word' id='word_1_207' title='bbox 529 4549 565 4618; x_wconf 89' lang='lat' dir='ltr'><strong>et</strong></span> <span class='ocrx_word' id='word_1_208' title='bbox 588 4553 715 4619; x_wconf 82' lang='lat' dir='ltr'><strong>Romae</strong></span> <span class='ocrx_word' id='word_1_209' title='bbox 739 4553 918 4619; x_wconf 86' lang='lat' dir='ltr'><strong>aeternum</strong></span> <span class='ocrx_word' id='word_1_210' title='bbox 943 4571 1002 4638; x_wconf 88' lang='lat' dir='ltr'><strong>per</strong></span> <span class='ocrx_word' id='word_1_211' title='bbox 1025 4551 1162 4621; x_wconf 87' lang='lat' dir='ltr'><strong>saecula</strong></span> <span class='ocrx_word' id='word_1_212' title='bbox 1189 4570 1323 4620; x_wconf 87' lang='lat' dir='ltr'><strong>nomeu.</strong></span> 
     </span>
    </p>
   </div>
   <div class='ocr_carea' id='block_1_7' title="bbox 0 0 1740 5360">
    <p class='ocr_par' dir='ltr' id='par_1_7' title="bbox 0 0 1740 5360">
     <span class='ocr_line' id='line_1_27' title="bbox 0 0 1740 5360; baseline 0 6"><span class='ocrx_word' id='word_1_213' title='bbox 0 0 1740 5360; x_wconf 95' lang='lat' dir='ltr'><strong> </strong></span> 
     </span>
    </p>
   </div>
  </div>
 </body>
</html>
