3576 5376
690 737 955 822 Epistola
985 739 1016 804 I

479 1014 526 1063 ab
548 1014 726 1068 duantum
750 1016 993 1068 Bouvcunnvu
1016 1018 1039 1068 Ε
1062 1018 1134 1072 scu.
1159 1021 1227 1072 rus

444 1765 497 1830 An
520 1764 671 1834 numeris
690 1764 800 1833 ausim
823 1764 883 1832 tibi
906 1767 1111 1852 respondere
1132 1765 1249 1834 latinis
1256 1795 1267 1848 ,-

359 1887 477 1957 ltaliae
499 1908 546 1956 an
568 1887 679 1975 pbtius
701 1892 838 1960 nostrae
860 1907 1017 1960 sermone
1039 1890 1171 1976 solutu,

358 2015 511 2100 Longum
532 2015 644 2098 haesi,
667 2016 867 2102 Bonucelle,
886 2033 1032 2103 anceps:
1055 2035 1136 2085 nam
1159 2018 1311 2102 tempore
1333 2019 1377 2085 ab
1399 2018 1456 2085 illo

358 2141 407 2206 Ex
429 2158 495 2226 quo
518 2139 717 2210 Nazaridum
738 2144 849 2224 tecta,
872 2142 956 2210 mihi
979 2145 1051 2212 tam
1073 2161 1172 2226 cara,
1194 2141 1331 2228 reliqui,

213 2357 216 2363 Ι
290 2265 312 2328 5
359 2265 520 2333 Astraeae
543 2265 689 2351 primum
710 2265 830 2334 studiis
851 2266 1042 2349 distentus,
1067 2269 1104 2335 et
1126 2265 1205 2336 inde

358 2388 505 2456 Obrutus
526 2388 715 2459 innumeris
735 2389 842 2473 curis,
865 2389 1055 2460 valedicere
1078 2390 1181 2458 minsis

358 2515 545 2582 Debueram
566 2516 603 2581 et
625 2514 727 2598 genio
749 2531 820 2582 non
841 2514 1037 2600 indulgere,
1059 2515 1216 2582 minerva

358 2639 569 2725 Quamquam
591 2638 683 2707 haud
704 2639 815 2708 invita
829 2639 977 2710 fluerent
999 2658 1077 2710 mea
1090 2640 1260 2723 carmina;
1283 2641 1342 2708 sed
1365 2659 1456 2710 nuuc

359 2767 401 2831 Et
423 2765 552 2833 maiora
573 2767 733 2850 premunt
754 2765 974 2852 animumque
998 2765 1139 2852 negotia
1161 2767 1323 2852 torquent

277 2895 314 2958 10
359 2891 551 2960 Vindelicos
572 2890 680 2974 inter,
705 2909 792 2962 neve
815 2892 870 2960 hic
892 2892 1044 2960 subridet
1065 2890 1192 2978 Apollo.

358 3019 519 3086 Attamen
542 3019 585 3085 ob
607 3016 739 3086 dulcem
763 3017 843 3104 quid
865 3036 935 3085 non
957 3017 1137 3087 reddemus
1158 3017 1328 3085 amicuml

356 3143 517 3212 Carmina
539 3145 592 3226 te,
615 3141 814 3226 Bonucelle,
838 3142 976 3225 iuvant;
999 3144 1036 3210 et
1057 3143 1210 3210 carmina
1233 3142 1389 3224 mittam,

358 3270 597 3356 Quaecumque
618 3267 808 3336 exciderint
829 3268 979 3336 calamo:
1003 3269 1041 3336 tu
1063 3267 1212 3353 corrige,
1235 3267 1340 3334 sodes

445 3393 500 3460 Me
522 3409 650 3478 magna
671 3410 844 3478 egressum
866 3393 1001 3478 excepit
1023 3391 1207 3460 Germania
1228 3393 1336 3460 ana

274 3523 313 3588 15
359 3519 641 3606 Monachiumque
664 3522 762 3589 tenet
784 3519 917 3605 regale:
941 3519 1005 3588 hoc
1027 3519 1137 3604 surgit
1158 3518 1194 3586 in
1218 3518 1289 3586 alta

357 3647 504 3715 Planitie
529 3645 667 3731 pedibus
688 3646 859 3716 sexcentis
881 3645 990 3729 mille,
1013 3646 1073 3714 sed
1095 3644 1176 3713 inde

357 3773 520 3857 Tempore
543 3771 580 3838 et
600 3768 732 3838 aestivo
755 3768 861 3856 digus
882 3767 1086 3855 pluviaeque
1110 3767 1324 3853 frequentes;

357 3896 505 3965 Hiberno
527 3893 608 3982 quid
630 3895 713 3980 erit,
736 3897 856 3963 boreas
878 3911 982 3981 quum
1004 3893 1157 3961 turbidus
1180 3892 1305 3962 imbres

357 4022 566 4108 inducatque
589 4018 687 4088 nives
706 4019 812 4102 altas,
836 4020 939 4104 atque
961 4035 1046 4086 arva
1067 4018 1180 4102 rigore

270 4149 314 4213 20
357 4145 566 4232 Squalebunt
588 4143 731 4212 brumali
753 4143 844 4226 late,
867 4145 973 4228 atque
994 4143 1066 4210 isar
1087 4145 1190 4210 acuta

358 4271 557 4341 constiterit
576 4269 704 4357 glacie,
727 4267 900 4336 dominam
921 4285 987 4337 nec
1009 4264 1152 4353 perfluet
1176 4263 1314 4334 urbemi

357 4395 457 4464 Italia
478 4395 522 4464 oh
545 4395 644 4462 felix!
670 4393 772 4479 felix,
796 4411 873 4462 mea
896 4393 1025 4475 Roma,
1048 4391 1203 4478 supernis

357 4517 442 4584 Urbs
464 4517 508 4584 oh
531 4535 612 4586 cara
634 4515 749 4584 nimis!
775 4513 874 4599 felix,
897 4512 1096 4582 Bonucellel
1119 4510 1252 4582 sodales
1362 4553 1366 4560 ·
