3564 5376
348 499 393 564 60
822 513 1083 564 nrenlnnnroos

458 638 543 704 Nam
566 637 701 723 pharias
722 639 900 723 postquam
921 640 1031 705 terras
1052 640 1088 706 et
1109 655 1217 722 regna
1240 636 1366 722 Canopi

369 762 412 828 75
455 763 585 854 Deserit
607 762 824 830 Abramidum
848 762 974 848 proles,
997 764 1033 829 et
1055 765 1145 830 Mose
1169 763 1331 846 magutro

456 889 545 954 Dura
566 887 668 955 nimis
689 906 750 973 per
772 889 923 956 monstra
944 887 1115 972 abrumpit
1137 887 1250 954 vincla
1273 885 1429 971 tyranni,

455 1012 685 1096 Pennigerum
708 1014 863 1082 errantes
885 1014 1017 1080 tutatur
1038 1013 1177 1080 numine
1200 1012 1370 1098 Princeps

456 1137 520 1204 Olli
542 1136 813 1223 quandoquidem
836 1155 935 1205 carae
958 1137 1109 1206 custodia
1131 1138 1233 1224 prolis

455 1259 591 1328 Tradita
613 1261 724 1328 Iacobi
747 1263 815 1328 est:
839 1261 1026 1328 Pharaonis
1050 1261 1159 1330 ferrea
1181 1261 1262 1330 vicit

369 1387 411 1451 80
454 1387 614 1469 Pectora,
636 1387 782 1454 maiores
803 1386 987 1471 absumpsit
1010 1387 1129 1455 sunere
1154 1389 1252 1455 natos

456 1512 562 1578 Nocte
585 1529 671 1592 una,
694 1529 788 1578 mare
811 1511 958 1594 discidit,
982 1513 1175 1599 mediasque
1198 1531 1259 1598 per
1281 1510 1389 1578 undas

455 1637 593 1702 Erectas
614 1653 709 1702 muro
731 1635 894 1703 assimiles
919 1637 1107 1703 transvexit
1128 1637 1263 1719 Iudam,

455 1759 518 1836 Qui
540 1761 633 1827 tutus
654 1759 751 1827 siccis
772 1759 869 1845 ponit
889 1760 1033 1847 vestigia
1055 1761 1198 1847 plantis:

454 1884 649 1970 Insequitur
670 1901 747 1951 rex:
770 1901 811 1952 ac
833 1885 1024 1970 procumbit
1046 1903 1218 1954 murmure
1241 1903 1365 1971 magno

367 2012 411 2077 85
452 2012 598 2092 Pontus,
621 2013 657 2078 et
679 2009 792 2077 effluis
813 2013 1016 2094 merguntur
1037 2009 1191 2080 ductibus
1213 2013 1336 2081 hostes.

453 2137 540 2220 Ergo
564 2137 685 2222 quater
706 2135 812 2203 denos
832 2136 944 2221 longis
965 2137 1164 2222 ambagibus
1185 2155 1310 2220 annos,

450 2261 605 2328 Desertos
628 2259 776 2326 Arabum
799 2263 978 2346 postquam
999 2261 1128 2346 petiere
1151 2279 1321 2342 recessus,
1423 2291 1427 2298 ·

453 2385 577 2450 Errant
598 2383 760 2451 Hebraei:
786 2383 921 2451 Madian
945 2383 999 2450 bic
1022 2385 1158 2452 horrida
1181 2385 1286 2469 balla,

450 2510 512 2576 Hic
533 2510 570 2577 et
592 2509 818 2577 Amorrhaeos
840 2510 939 2594 parat
959 2511 995 2575 et
1016 2509 1161 2578 crudelis
1183 2511 1331 2580 Amalec.

364 2635 407 2702 90
450 2633 561 2702 Fortis
581 2633 677 2702 adest
699 2633 859 2715 Michael,
883 2634 995 2718 specie
1018 2634 1117 2702 modo
1141 2635 1240 2704 nubis
1262 2653 1391 2722 opacae

452 2761 571 2830 Castra
592 2761 702 2847 praeit
727 2759 823 2845 vigil,
846 2762 907 2829 aut
928 2761 1137 2846 splendentis
1158 2761 1234 2830 luce
1256 2762 1442 2830 columnae.

451 2886 691 2972 congreditur,
714 2901 932 2971 pugnamque
952 2885 1042 2971 regit
1061 2885 1256 2954 victricibus
1279 2886 1391 2954 armis

454 3011 604 3096 Apparet
624 3011 726 3095 longe
749 3026 846 3076 mons
868 3009 980 3092 Nebo,
1004 3011 1040 3077 et
1062 3009 1209 3078 culmine
1235 3011 1340 3078 mont·

450 3135 623 3204 Exanimis
644 3137 753 3203 Moses
759 3152 770 3218 ;
793 3134 898 3202 Satan
919 3137 1039 3203 tamen
1060 3137 1131 3222 ipse
1155 3137 1289 3204 futurus

364 3263 407 3329 95
450 3261 560 3329 Exitio
582 3260 672 3347 plebi
693 3260 830 3328 simulat
851 3261 1011 3328 decorare
1034 3261 1246 3346 sepulcrum,

451 3388 493 3454 Et
514 3386 613 3454 Ducis
634 3385 790 3453 inferias:
814 3387 934 3470 ignota
957 3387 994 3454 at
1016 3405 1139 3473 corpus
1160 3404 1268 3455 arena

450 3511 612 3580 conditur
633 3511 774 3597 imperio
795 3530 971 3597 superum,
997 3511 1069 3580 lera
1091 3514 1217 3582 damna
1242 3513 1431 3581 minantem

450 3638 577 3706 Satana
605 3638 774 3704 tartareas
807 3615 952 3705 dionaei
973 3638 1122 3705 detrudit
1145 3639 1189 3706 ad
1212 3640 1357 3708 umbras

536 3758 695 3844 Pingitur
717 3758 797 3824 hinc
819 3775 881 3825 rex
904 3758 961 3844 qui
983 3758 1105 3826 Lachis
1127 3761 1299 3828 obsidione
1321 3760 1441 3830 relicta

346 3887 407 3952 loo
451 3883 605 3968 Assyrius
627 3885 727 3969 parat
742 3883 928 3970 Aethiopas
950 3884 1136 3969 pervadere
1151 3885 1258 3967 bello;

448 4013 648 4077 Innumeros
669 4009 779 4094 agitat
800 4027 934 4092 currus,
959 4011 996 4078 et
1018 4009 1109 4076 mille
1134 4010 1284 4078 virorum

450 4134 612 4219 Agmina,
636 4133 747 4203 tendit
766 4135 832 4203 iter
854 4153 1064 4222 quacumque
1090 4135 1290 4205 abscondita
1313 4138 1418 4205 tantis

451 4259 610 4328 Obruitur
632 4260 733 4328 tellus
753 4259 857 4327 armis
879 4263 914 4329 et
936 4257 1075 4328 flumina
1096 4260 1209 4328 siccat.

452 4385 572 4454 Infelix
594 4404 614 4453 o
637 4387 722 4469 dum,
746 4387 803 4472 qui
826 4387 934 4454 iactas
955 4387 1060 4472 impia
1081 4385 1202 4468 verba,

346 4511 405 4576 105
450 4509 731 4595 Abramidumqne
754 4509 858 4578 audes
879 4509 1047 4578 insultans
1069 4511 1224 4578 temnere
1248 4507 1399 4575 Numen!
