3472 5360
663 541 776 592 crena
800 542 935 595 raruvs
1345 534 1407 600 105

304 661 445 749 Diffngis
466 663 532 732 buc
554 663 634 732 illuc
658 667 781 752 miser,
804 669 911 758 atque
933 655 1152 739 absconderis
1173 671 1245 739 alta

307 787 391 857 Sede
414 790 552 874 domus;
575 789 716 862 flentem
738 798 774 861 te
799 793 925 864 frustra
946 798 982 864 et
1004 796 1113 864 multa
1136 800 1315 885 rogantem

194 911 261 976 680
306 913 471 1000 Opprimit
494 915 568 986 ille:
591 919 650 986 Dei
675 918 800 989 vindex
824 922 858 988 ta
882 920 1019 989 coniicit
1042 923 1140 990 ensis.

306 1037 502 1124 Occumbis,
525 1041 640 1110 nullae
664 1043 807 1111 inferiae
831 1045 1013 1131 nullaeque
1035 1049 1225 1133 sequuntur

310 1165 357 1231 Te
378 1163 559 1249 lacrimae,
583 1167 668 1235 nulli
691 1168 812 1236 tumuli
836 1169 1024 1237 redduntur
1046 1170 1201 1239 bonores.

310 1290 403 1359 Disce
426 1293 485 1360 Dei
507 1294 657 1362 monitus
678 1295 835 1364 venerari
858 1299 894 1363 et
916 1299 1037 1365 sancta
1059 1297 1189 1365 vereri!

398 1417 484 1487 Ecce
506 1422 624 1489 autem
646 1419 775 1506 Cyrus,
797 1421 923 1490 Gobria
944 1423 1152 1507 comitante,
1175 1425 1329 1494 subibat:

198 1541 263 1606 685
310 1543 420 1629 thue
441 1562 562 1614 recens
583 1545 669 1614 vidit
690 1546 862 1615 Labinithi
885 1567 907 1615 a
930 1547 1034 1616 caede
1058 1549 1223 1630 cadaver,

310 1666 477 1752 Indoluit;
501 1669 601 1738 mites
623 1670 671 1737 illi
695 1690 777 1739 nam
799 1674 938 1758 pectore
960 1691 1088 1740 sensus

309 1794 354 1860 nt
375 1795 480 1879 gestit
501 1795 662 1882 Gobries,
685 1801 789 1885 atque
812 1798 946 1866 invidus
968 1799 1098 1867 excitat
1121 1797 1189 1868 iras

308 1921 481 2004 Assyriam
503 1922 644 2009 cupiens
666 1921 756 1991 ferro
778 1923 965 2010 deperdere
988 1926 1138 2010 gentem.

308 2045 524 2130 Praepositus
547 2047 638 2131 regis
658 2065 763 2133 gazae
786 2067 993 2136 mensaeque
1016 2049 1179 2117 Malassar

198 2167 263 2233 690
307 2170 432 2237 Obvius
454 2172 601 2240 occurrit
623 2173 762 2259 totoque
785 2173 953 2260 expalluit
973 2192 1032 2260 ore
1044 2192 1055 2257 ;

308 2295 419 2381 thue
441 2314 562 2366 necem
586 2298 698 2384 fugiat
717 2298 780 2366 sibi
802 2299 957 2367 cominus
979 2299 1257 2385 impendentem,

308 2420 403 2488 Ultro
425 2439 552 2507 pronus
573 2423 668 2491 bumi
691 2425 817 2510 Cyrum
840 2424 888 2492 sic
912 2425 1051 2493 vocibus
1072 2427 1169 2492 orat:

308 2545 341 2613 Si
363 2564 431 2633 qua
453 2548 514 2615 tibi
538 2550 590 2617 est
612 2549 742 2635 pietas,
765 2549 880 2618 miseri
902 2550 931 2618 si
954 2567 1037 2618 cura
1058 2550 1250 2634 remordet,
1339 2593 1341 2600 ›

310 2672 376 2737 Per
397 2674 501 2757 capnt
523 2672 593 2758 ipse
618 2675 714 2740 tuum
735 2675 856 2742 sancta
878 2676 915 2742 et
937 2691 998 2760 per
1020 2673 1163 2741 numina
1185 2673 1301 2741 dirum

199 2795 264 2859 005
309 2797 355 2862 Te
378 2813 515 2882 precor,
539 2797 628 2866 banc
651 2798 802 2866 animam
823 2816 944 2867 serva:
968 2799 1051 2866 mibi
1075 2799 1203 2868 tradita
1223 2818 1307 2885 gaza
1329 2804 1382 2867 est

309 2921 436 3006 Regia;
460 2925 675 3007 monstrabo,
699 2924 814 3011 spoliis
835 2924 975 3010 potieris
996 2923 1126 3010 opimis.

309 3046 370 3115 Ille
393 3047 498 3116 haec:
521 3051 559 3116 at
582 3049 701 3136 cupido
724 3049 834 3118 victor
855 3049 926 3118 iam
950 3049 1079 3117 lumine
1102 3049 1224 3118 lustrat

308 3172 486 3255 Armillas,
510 3173 659 3260 tripodas
681 3174 922 3260 perfectaeque
944 3175 1029 3243 artis
1049 3173 1188 3243 inaures

196 3303 200 3310 '
308 3299 351 3364 Et
372 3298 481 3383 pictas
502 3298 700 3384 chlamydes
721 3297 912 3368 flammanti
936 3301 973 3367 et
995 3298 1122 3368 murice
1145 3298 1275 3384 pallas,

199 3423 263 3488 700
307 3423 464 3492 caelatos
484 3443 567 3494 auro
589 3428 727 3512 pateras
748 3426 936 3512 rubeosque
959 3427 1114 3512 tapetas,

308 3551 461 3634 Argento
483 3551 628 3618 insertos
650 3549 805 3618 rutilanti
828 3549 904 3618 luce
926 3567 1093 3636 pyropos,

205 3669 208 3685 '
308 3675 597 3764 Sardonicbasque
620 3681 656 3746 et
681 3678 825 3764 beryllos
846 3681 949 3765 atque
972 3696 1079 3747 aurea
1101 3677 1227 3763 templo

310 3801 400 3869 Vasa
421 3804 561 3896 erepta,
585 3801 686 3872 nimis
708 3803 871 3872 chaldaeo
893 3803 1029 3872 insensa
1053 3805 1211 3888 tyranno.

396 3927 460 3996 Sed
481 3929 633 3997 tenebris
654 3928 723 3997 iam
745 3927 900 4011 dimotis,
923 3930 1118 4015 terramque
1142 3927 1324 4013 polumque

200 4053 264 4118 705
308 4053 497 4140 Spargebat
518 4073 614 4125 roseo
636 4073 780 4143 surgens
801 4073 927 4124 aurora
947 4055 1080 4127 colore:

307 4181 449 4249 Etcum
471 4183 541 4252 iam
563 4182 670 4268 cyrus
692 4183 802 4252 victor
824 4182 1018 4250 dominetur
1039 4181 1076 4249 in
1099 4180 1202 4262 urbe,

308 4306 444 4375 Viribus
465 4307 640 4394 Assyrium
662 4309 798 4378 domitis
820 4312 857 4377 et
880 4326 962 4394 rege
984 4311 1180 4393 perempto,

307 4432 492 4520 Indulgens
513 4435 629 4504 animo
653 4435 810 4504 letalibus
831 4434 982 4502 abstinet
1003 4433 1129 4516 armiS,

306 4563 513 4648 securosque
537 4563 631 4632 iubet
653 4562 761 4631 vitam
784 4562 962 4632 traducere
985 4559 1086 4628 cives.
