3576 5376
361 537 427 603 354
908 550 1022 602 varus

556 679 692 745 Interea
714 695 849 764 pugnae
874 677 1040 746 tolluntur
1061 677 1178 761 signa,
1203 677 1372 762 tubaeque

469 803 626 870 Horribili
648 801 809 890 clangore
831 806 978 886 canunt,
1002 804 1098 872 stant
1119 802 1238 870 ordine
1263 803 1365 888 longo

470 925 640 994 Montibus
662 925 742 993 hine
765 926 905 994 iudaeae
927 924 1019 994 acies
1040 929 1142 1012 atqua
1165 925 1244 994 inde
1268 923 1455 1008 Philistim‚

467 1051 640 1119 Ponentes
662 1051 777 1119 hastas
801 1051 1024 1137 clypeosque,
1049 1053 1086 1118 et
1108 1049 1257 1117 eulmina
1278 1049 1469 1134 complent,

379 1171 424 1238 30
467 1173 510 1238 et
532 1172 679 1240 medium
701 1173 805 1258 longo
828 1173 1041 1258 protenditur
1062 1189 1209 1258 aequore
1232 1171 1340 1238 vallis

469 1297 545 1364 Una
566 1316 685 1365 omnes
706 1298 913 1384 iuvenesque
937 1301 1041 1366 ruunt
1063 1301 1257 1384 matresque
1280 1313 1466 1382 senesque:

468 1422 554 1489 Dum
575 1422 703 1509 cupidis
724 1426 883 1509 spectant
904 1424 1025 1506 oeulis,
1050 1427 1140 1492 Puer
1163 1424 1287 1492 emicat
1309 1423 1433 1491 ardens

467 1547 628 1633 Isacides,
652 1565 717 1616 nen
738 1549 935 1634 balagarii,
957 1551 1017 1618 sed
1041 1551 1155 1636 pastor
1176 1549 1317 1618 inermis

468 1676 511 1742 nt
533 1674 651 1743 baculo
673 1677 710 1743 et
733 1674 837 1742 lunda
859 1693 979 1761 campo
1001 1694 1038 1744 se
1060 1677 1230 1743 monstrat
1251 1675 1388 1759 aperto;

379 1800 424 1866 35
468 1799 548 1868 Fert
570 1817 653 1885 pera
675 1798 799 1867 nitidos
819 1799 968 1886 quinque
990 1819 1010 1868 e
1033 1802 1187 1868 torrente
1209 1798 1350 1884 lapillus.

468 1927 618 2011 Apparet
639 1943 737 1992 secus
760 1926 904 1992 adversa
925 1927 985 1994 sed
1006 1927 1105 2012 parte
1127 1924 1257 2006 Golias3

468 2051 579 2116 Aerea
602 2067 748 2134 namque
771 2047 828 2116 olli
851 2049 971 2134 cassis,
995 2052 1179 2136 pectusque
1201 2049 1354 2134 rigentes

466 2173 604 2240 Loricae
626 2172 775 2258 squamis
796 2173 936 2241 immani
959 2175 1110 2261 pondere
1133 2173 1294 2258 cingunt;

467 2299 574 2366 Crura
595 2301 718 2383 tegunt
740 2316 883 2383 nemas,
906 2298 1045 2386 clypeus
1067 2299 1269 2384 laevamque
1291 2313 1467 2379 coruscus,

380 2423 423 2488 40
467 2424 694 2510 Immanisque
716 2424 806 2510 regit
828 2423 957 2492 serrata
977 2422 1113 2492 hastilia
1135 2423 1266 2492 dextra.

466 2547 676 2634 Obstupuere
698 2548 805 2616 animi
829 2549 921 2629 visu;
945 2551 981 2616 et
1003 2548 1117 2634 capita
1137 2547 1210 2616 alta
1232 2547 1343 2615 Golies

467 2673 615 2741 Irridans
636 2675 790 2759 quassat,
814 2671 913 2740 dietis
934 2677 1038 2759 atque
1060 2672 1137 2740 iniit
1159 2671 1306 2740 acerbis:

465 2795 537 2872 Quo
560 2792 734 2880 quo,'ruie
757 2793 863 2880 pueri
885 2813 972 2881 quae
996 2797 1148 2861 mentem
1172 2793 1306 2862 insania
1329 2791 1454 2859 vexati

466 2920 634 3005 Numquid
657 2937 721 3002 ego
743 2919 860 2988 canisi
884 2922 1035 2988 obtestor
1057 2937 1135 2987 mea
1157 2919 1317 2997 numina,
1343 2917 1477 2986 caelum

378 3048 421 3113 45
466 3045 639 3128 Obtester,
662 3049 755 3114 certo
778 3062 939 3132 properas
961 3045 1163 3113 occumbere
1186 3045 1277 3127 leto,

468 3170 745 3255 Pascendumque
769 3169 993 3237 ieris‘iaciam
1016 3169 1206 3237 miserabile
1229 3186 1359 3254 corpus

553 3296 599 3361 At
621 3298 741 3363 contra
764 3295 856 3363 levat
878 3293 935 3361 ille
958 3295 1072 3362 oculos
1094 3312 1135 3362 aa
1157 3293 1240 3362 talia
1263 3293 1372 3360 fatur:

466 3422 515 3488 Tu
537 3419 636 3487 venis
659 3419 771 3486 hastili
793 3418 952 3504 peltaque
975 3419 1160 3486 instructus
1182 3421 1218 3486 et
1239 3436 1343 3502 ense,

466 3547 540 3631 Ipse
563 3546 632 3613 Deo
654 3544 763 3612 fidens
785 3543 861 3626 uni;
887 3545 974 3611 Deus
995 3545 1135 3630 agmina
1157 3543 1276 3626 Iudae,

378 3671 422 3738 50
465 3670 559 3747 Quae
581 3669 684 3736 miser
705 3669 907 3754 exprobras,
933 3670 1079 3750 tutatur,
1104 3669 1239 3753 iamque
1261 3668 1442 3752 superbum

466 3795 670 3876 Obtnrncat,
698 3794 787 3862 iacet
809 3797 844 3862 et
867 3793 968 3861 terris
989 3794 1134 3862 informe
1157 3793 1303 3861 cadaver
1310 3811 1321 3875 ;

467 3921 621 4006 Namque
642 3922 730 3987 Deus
752 3939 817 3989 nee
838 3923 919 4004 eget
940 3919 1065 4005 gladie,
1088 3937 1152 3987 nec
1176 3918 1318 3987 fortibus
1338 3918 1451 3987 armis.

466 4046 572 4130 Dixit,
596 4049 632 4114 et
653 4046 816 4114 abductas
836 4047 873 4113 in
895 4023 1017 4132 gyrum
1040 4047 1155 4132 raptat
1177 4046 1330 4114 habenas

465 4171 643 4240 Stridentis
666 4171 809 4253 fundae;
831 4171 918 4256 lapis
939 4171 1140 4238 exturbatus
1162 4171 1199 4237 in
1221 4189 1324 4238 auras

377 4295 422 4364 55
464 4295 586 4362 Evolat
607 4294 740 4362 adversi
764 4294 876 4362 media
897 4295 989 4362 inter
1011 4298 1166 4380 tempora
1187 4311 1350 4380 praeceps
1357 4311 1367 4376 ;

466 4421 631 4504 Advenit,
655 4419 861 4506 effractoque
883 4419 983 4487 illidit
1005 4420 1042 4486 in
1064 4438 1141 4488 ossa
1162 4419 1311 4488 cerebro.

465 4545 525 4614 Ille
548 4548 699 4613 tremens
721 4545 830 4613 multa
851 4545 1019 4613 exanimis
1041 4547 1231 4632 procumbit
1251 4562 1376 4614 arena:
