3576 5376
494 552 579 602 nnn
598 552 718 602 envers
734 553 756 602 1.
772 552 800 602 c.
818 553 850 602 n.
867 555 901 602 n.
918 573 936 587 -
951 553 1088 607 annom
1104 557 1144 606 111
1277 626 1280 634 Ι
1357 537 1422 604 319

237 676 282 741 25
326 676 375 743 Ad
399 679 497 764 regni
519 679 640 747 solium
661 679 759 747 laeva
778 679 967 766 dextraque
991 681 1095 748 locari

414 804 572 889 Expetit:
598 807 637 873 at
658 805 809 874 Christus
831 805 880 872 nil
903 805 966 873 nisi
992 807 1120 874 moesta
1143 806 1242 872 docet
1271 805 1312 869 (2).

327 927 369 994 Et
392 931 446 1012 tu,
469 932 594 1013 Petre,
617 929 726 1018 lugisl
755 933 842 999 Deus
865 930 938 1014 hic,
962 932 1017 1016 qui
1042 930 1078 998 in
1100 901 1248 998 culmine
1271 927 1403 994 Thabor

413 1057 613 1143 Extemplo,
636 1075 699 1124 ceu
722 1057 771 1124 sol
794 1055 941 1142 tulgidus
962 1074 1051 1141 axe,
1083 1056 1206 1135 micat,

326 1181 368 1248 Et
392 1184 504 1250 vestes
524 1183 760 1267 circumcingit
782 1183 863 1251 nive
886 1181 1117 1250 candidiores:

238 1304 283 1370 30
413 1307 550 1376 Arcano
572 1307 652 1375 hinc
675 1311 784 1376 Moses
806 1308 927 1376 visitur
949 1306 1117 1392 alloquio,

328 1429 503 1500 Thesbites
524 1431 638 1500 illinc:
661 1432 805 1518 Solymis
827 1432 884 1519 qui
907 1431 980 1500 iata
1001 1431 1186 1522 loquuntur

413 1556 555 1640 Tristia,
578 1574 733 1643 quaeque
756 1527 824 1624 tuis
845 1555 983 1624 auribus
1005 1555 1077 1641 ipse
1099 1555 1199 1623 tenes
1229 1553 1272 1620 (8).

328 1679 429 1764 Fugit
450 1683 487 1748 et
508 1681 579 1767 ipse
603 1683 742 1763 Petrus,
773 1681 930 1766 quamvis
951 1681 994 1748 ad
1017 1678 1132 1747 vincla
1153 1696 1340 1764 necemque

414 1807 563 1874 Iurasset
583 1807 711 1875 socium
733 1824 868 1893 semper
890 1807 1007 1874 adesse
1030 1805 1112 1871 [luci
1124 1823 1134 1887 ;

240 1929 284 1993 35
329 1929 371 1994 Et
393 1947 501 2016 vagus
522 1932 559 1997 et
580 1947 738 1999 moerens
759 1933 796 1998 et
816 1948 936 1998 sensus
958 1928 1109 2016 perditus
1135 1946 1253 1996 omnes

414 2056 581 2139 Ingemit,
605 2058 642 2123 et
664 2057 756 2124 totus
778 2055 902 2123 diffluit
924 2055 959 2122 in
982 2055 1149 2123 lacrimas.

329 2178 429 2246 Stant
451 2178 565 2247 animo
587 2178 700 2247 delixa
724 2179 817 2248 serae
839 2176 990 2264 periuria
1013 2177 1142 2260 noctis,

416 2303 591 2372 Praescius
613 2307 649 2371 et
670 2302 754 2390 galli
776 2305 899 2371 cantus
922 2303 1065 2370 inaure
1087 2303 1196 2370 sonat.

329 2427 482 2495 Ploranti
512 2427 662 2513 ignovit,
698 2427 873 2514 facilisque
895 2427 1030 2514 aspexit
1052 2430 1145 2495 lesus

242 2553 285 2616 40
416 2555 644 2639 Peccantem,
668 2557 785 2622 brnen
809 2554 899 2621 baud
923 2571 1021 2622 urere
1045 2553 1147 2620 corda
1169 2552 1263 2620 dolor

328 2675 445 2744 Cessat
460 2677 588 2760 adhuc;
610 2675 751 2745 dentem
767 2676 914 2761 Solyma,
930 2680 1033 2764 atque
1050 2676 1129 2743 urbs
1144 2675 1275 2743 romula
1290 2673 1429 2742 flentem

415 2803 610 2890 Aspicient,
634 2803 714 2869 dum
738 2821 827 2869 mors
849 2802 1010 2870 clauserit
1033 2805 1110 2870 atre
1132 2801 1233 2869 diem.

329 2928 373 2991 ,u
395 2925 563 3010 Christus,
594 2927 700 2994 tantis
723 2925 864 2994 affectus
898 2944 1040 3013 corpora
1061 2925 1188 3010 plagis,

414 3053 499 3118 Dum
522 3053 693 3136 graditur,
717 3054 835 3120 crebro
858 3052 1029 3136 sanguine
1053 3050 1157 3135 tingit
1180 3048 1342 3128 humum;
1385 3032 1387 3042 ’

241 3176 285 3252 45
329 3175 448 3242 Genua
471 3175 591 3257 labant
612 3175 750 3244 infirma
770 3175 868 3261 gravi
891 3176 953 3243 sub
976 3174 1114 3257 robore,
1139 3173 1279 3241 tandem

417 3300 572 3384 Labitur3
595 3281 685 3369 haud
709 3303 798 3388 potis
821 3305 874 3369 est
897 3302 1048 3386 pondera
1071 3299 1160 3366 serre
1183 3298 1297 3366 trabis.

329 3427 378 3490 Ac
399 3424 504 3491 veluti
527 3425 645 3511 lupus,
670 3425 813 3494 hiberno
836 3443 939 3510 quum
963 3428 1117 3511 tempore
1139 3423 1242 3490 silvas

417 3549 568 3617 Plurima
590 3550 651 3617 nix
672 3550 761 3618 altas
782 3550 921 3636 otinga
944 3548 1035 3617 celsa
1057 3548 1166 3634 tegit,

329 3672 468 3740 Ventris
488 3690 670 3742 succensus
692 3673 803 3756 rabie,
826 3673 855 3742 si
878 3673 965 3740 sorte
989 3671 1156 3758 capellam

242 3797 298 3862 50.
417 3799 597 3868 Errantem
619 3815 639 3866 e
660 3797 765 3884 septis
789 3797 914 3865 viderit
942 3799 1003 3865 aut
1025 3812 1206 3882 capream,

329 3921 429 4016 irruit
451 3923 654 4011 improvisus
675 3923 712 3991 et
733 3921 804 3992 acri
826 3922 932 3990 dente
954 3919 1111 3990 lacessit:

417 4046 470 4113 Sic
492 4045 623 4132 lapsum
646 4045 747 4115 terris
769 4045 914 4114 barbara
933 4047 1033 4113 turba
1054 4043 1188 4130 premit.

329 4173 373 4236 At
397 4189 517 4239 manus
539 4171 714 4256 Aligerum
737 4163 926 4257 proiectum
953 4187 1094 4256 corpore
1118 4171 1190 4236 toto
1344 4265 1345 4269 Ἴ

416 4295 597 4380 Sublevat,
621 4299 660 4364 ut
682 4299 841 4382 coeptum
863 4313 1006 4382 pergere
1029 4293 1134 4380 possit
1156 4293 1231 4360 iter.

241 4421 284 4484 55
329 4419 369 4484 Ni
393 4418 563 4503 iacerent,
586 4419 756 4488 Christum
781 4420 899 4506 poenis
921 4418 1118 4503 ingentibus
1140 4418 1256 4484 actum

417 4545 591 4612 Vidissent
612 4544 724 4612 media
755 4545 967 4612 succubuime
990 4545 1055 4611 via.
