3576 5376
645 751 910 834 Epistola
941 750 1026 815 VI

309 1045 356 1096 ab
378 1046 578 1098 ausuum
601 1048 776 1099 FRATREM
807 1048 1115 1100 lvalsoonsvuuvnl
1146 1048 1201 1106 EQ·
1226 1048 1367 1099 manvu

707 1685 784 1737 ΑΒΚ
807 1686 970 1738 Poenius

431 1917 569 1986 Acelum
584 1917 658 1985 heri
673 1916 774 2004 liqui,
798 1919 834 1986 et
849 1916 1031 1985 Planinam
1047 1937 1190 2005 pergere
1206 1918 1248 1987 ad
1264 1922 1386 1987 Arcem
1403 1919 1436 1976 ill

343 2043 397 2110 Mc
421 2042 527 2126 iuvit,
551 2040 697 2110 florescit
720 2041 779 2110 ubi
802 2059 880 2110 mea
902 2043 1036 2126 villula,
1060 2045 1190 2113 Frater.

343 2167 405 2236 Hic
427 2167 509 2235 satis
530 2166 644 2253 ampla
667 2167 801 2248 domus,
828 2168 1003 2236 Benedicti
1026 2169 1080 2236 hic
1105 2170 1235 2254 inclyta
1257 2168 1367 2254 proles
1380 2168 1413 2227 u)

345 2293 490 2362 incoluit
525 2294 713 2380 statuitque
749 2294 844 2362 Patri
865 2293 910 2364 'de
935 2314 1028 2364 more
1050 2297 1222 2365 sacellum.

279 2421 301 2486 5
346 2421 434 2504 Ergo
457 2435 539 2486 vere
563 2435 670 2502 novo,
694 2419 752 2484 vix
774 2405 916 2504 pinguia
939 2422 1039 2504 prata
1061 2421 1251 2500 virescunt,

345 2541 500 2628 Corporis
522 2542 682 2609 effractae
704 2541 794 2609 vires
819 2543 1040 2628 animumque
1065 2543 1199 2623 relaxo,

345 2666 504 2752 sepositis
525 2665 665 2734 tandem
688 2665 795 2752 curis,
818 2685 860 2734 ac
881 2667 953 2734 otia
975 2685 1113 2753 quaero.

433 2791 524 2860 Scire
539 2791 634 2876 cupis
647 2791 728 2877 quid
743 2809 863 2876 agam,
886 2792 970 2859 mihi
985 2793 1060 2878 quis
1081 2794 1125 2861 sit
1141 2794 1303 2879 temporis
1318 2792 1424 2860 ordol

347 2917 453 2984 Ecce:
475 2916 537 2982 sub
560 2931 718 2982 auroram
741 2916 850 2982 strato
872 2932 1058 3001 consurgo,
1089 2917 1224 3002 Decque

261 3044 301 3110 10
344 3044 435 3110 Vota
457 3041 529 3109 lero
552 3039 719 3136 prinum,
742 3041 822 3108 dein
845 3040 963 3108 Hostia
983 3043 1104 3109 sancta
1126 3041 1253 3110 litatur.

348 3166 519 3252 Undique,
545 3182 712 3251 campano
735 3164 839 3232 turris
860 3166 919 3230 vix
941 3169 1103 3251 personat
1125 3184 1225 3248 acre,

348 3289 529 3378 Agricolae
551 3307 648 3358 sacro
671 3290 843 3358 intersunt
866 3289 1077 3377 humilesque
1104 3290 1235 3358 coloni:

347 3415 468 3483 Nullus
489 3414 586 3483 adest
607 3415 722 3495 dives;
753 3414 867 3500 placet
889 3414 967 3480 huic
987 3414 1202 3501 requiescere
1226 3416 1313 3483 lecto

347 3542 441 3608 Neve
465 3538 531 3606 frui
554 3539 701 3606 iucundo
724 3556 827 3607 mane
848 3538 1037 3606 salubribus
1059 3539 1171 3622 auris;

265 3667 304 3733 15
349 3665 491 3732 Infelix!
525 3665 607 3730 terit
628 3665 699 3750 ipse
723 3663 790 3730 levi
813 3680 875 3730 sua
896 3667 1051 3750 tempora
1073 3681 1203 3732 somno.

436 3787 580 3872 Pocula,
603 3790 642 3855 ut
665 3789 718 3855 ost
741 3787 861 3872 moris,
893 3788 976 3855 mihi
999 3789 1171 3857 matutina
1193 3793 1378 3876 parantur:
1465 3853 1469 3865 s

349 3917 450 3984 Testa
472 3913 552 3984 laba
573 3915 610 3983 et
632 3913 715 3982 trita
738 3917 807 3996 est,
831 3913 926 4000 regio
948 3933 1051 4000 quam
1073 3916 1207 3984 mexica
1229 3916 1356 4000 mittit,

349 4041 511 4107 Exsectae
535 4037 738 4124 copulantur
759 4037 936 4106 arundinis
957 4038 1070 4105 indica
1092 4039 1203 4108 mella.

349 4163 518 4229 Marmore
538 4162 741 4228 sternuntur
763 4159 844 4228 bina
866 4160 968 4242 haec,
991 4161 1124 4246 agitata
1146 4161 1299 4246 cylindro

261 4287 305 4354 Pl)
348 4289 536 4372 Pressaque
558 4286 744 4353 miscentur
765 4285 919 4372 repetitis
942 4286 1089 4354 nisibus:
1113 4305 1183 4354 una

349 4413 403 4480 Fit
425 4429 553 4494 massa,
577 4411 782 4497 inspeciem
805 4410 951 4479 laterum
973 4411 1097 4480 durata
1103 4430 1114 4494 ;
1141 4412 1268 4482 calenti

348 4537 497 4606 Solvitur
518 4537 597 4605 hinc
620 4539 729 4619 unda,
760 4540 917 4606 versatur
939 4538 1075 4607 turbine
1098 4539 1181 4624 ligni
