3560 5368
652 559 764 610 urens
787 561 966 613 snovnnvs
1354 548 1419 612 253
1497 617 1499 624 ,

314 689 458 774 ⁴eligeris
481 691 689 772 monstrata,
724 689 823 756 daret
844 705 905 772 per
928 704 1028 772 quam
1052 689 1167 755 oscula
1191 690 1265 774 paci

311 813 445 882 Iustitia
467 816 504 880 et
526 814 627 880 terris
648 813 869 898 componeret
890 811 1027 891 omnia;
1056 810 1199 880 sormam

313 940 444 1006 Pronus
466 937 623 1019 adoravi,
647 938 764 1026 veniet
786 935 1003 1004 volventibus
1024 935 1134 1004 annis.

206 1061 269 1126 105
315 1060 544 1144 insapiens,
569 1057 721 1144 nullique
744 1057 860 1125 datum
887 1061 1071 1144 penetrare
1095 1077 1246 1127 recessus

314 1187 466 1250 Arcanos
487 1186 525 1251 et
545 1200 634 1268 quae
657 1185 755 1263 tanto
777 1185 839 1250 sub
868 1185 1006 1269 pectore
1031 1193 1156 1251 verses.
1220 1271 1224 1278 ,

311 1308 374 1374 Ηίο
396 1307 475 1374 linis
497 1307 591 1374 fandi
614 1277 778 1388 Michael,
802 1307 979 1392 omnisque
1003 1311 1158 1375 caterve

314 1434 545 1518 pennigerum
568 1433 734 1515 demissa,
758 1432 821 1500 alis
844 1433 1038 1500 velantibus
1060 1453 1140 1516 ora,

315 1557 526 1640 procumbit,
550 1555 779 1641 placitumque
803 1555 861 1621 Dei
885 1558 954 1624 stet
977 1559 1093 1622 mente
1117 1559 1298 1642 repostum.

205 1683 266 1748 110
311 1683 357 1748 nt
378 1683 483 1748 Pater
504 1684 541 1748 et
563 1680 680 1747 Proles
701 1679 822 1764 genita
844 1684 881 1746 et
904 1699 966 1766 par
996 1681 1138 1748 Flamen
1162 1683 1289 1749 arnonis

311 1804 451 1873 Sublimi
475 1823 494 1872 e
517 1805 600 1873 solio
621 1805 786 1889 solymaei
809 1806 852 1871 ad
875 1805 997 1873 limina
1019 1807 1136 1891 templi

311 1930 502 1997 Demittunt
525 1931 660 2012 oculos,
685 1929 860 1997 hominum
883 1933 1022 1998 servata
1043 1931 1145 1998 saluti

312 2058 411 2141 Degit
433 2058 489 2125 ubi
513 2057 639 2142 Virgo,
663 2073 789 2139 magno
812 2056 994 2141 rapiuntur
1016 2074 1149 2138 amore3

313 2185 388 2250 Una
409 2183 494 2250 baec
519 2181 661 2250 deliciae
685 2183 836 2267 superis,
861 2184 947 2250 haec
970 2201 1039 2249 una
1062 2183 1238 2268 voluptas:

208 2311 268 2376 115
314 2311 409 2376 Hanc
431 2311 580 2376 Gnatam
597 2309 721 2389 Pater,
745 2307 835 2375 hanc
852 2311 887 2375 et
910 2309 1056 2374 Matrem
1079 2309 1213 2375 Gnatus
1227 2309 1420 2389 amantem,

315 2435 418 2519 Eligit
439 2435 529 2501 hano
552 2433 717 2518 Sponsam
740 2433 902 2501 Flamen:
926 2433 974 2500 sic
998 2434 1136 2501 foedera
1159 2433 1252 2519 pacis

316 2563 369 2631 Sic
391 2565 427 2630 et
450 2562 611 2633 iustitiae.
637 2561 753 2631 Proles
775 2579 953 2646 aequaeva
975 2561 1139 2644 Parenti,

316 2692 400 2757 Ecce
424 2707 510 2775 ego;
534 2709 589 2758 me
613 2707 685 2772 me,
709 2689 836 2774 inquit,
861 2687 999 2769 mittas,
1022 2685 1236 2771 hominisque
1253 2685 1419 2771 redempti

315 2817 476 2884 Sanctum
499 2835 583 2902 opus
604 2814 808 2900 aggrediar,
833 2812 967 2880 mortali
992 2812 1124 2880 cinctus
1146 2812 1295 2892 amictu,

209 2943 270 3008 120
316 2945 390 3026 lpse
413 2941 504 3009 luam
527 2940 695 3010 scelerum
719 2957 848 3027 poenas
868 2940 1082 3024 mortemque
1104 2938 1232 3006 subibo.

314 3069 542 3154 Obstupuere:
565 3068 674 3136 altum
700 3065 830 3134 facinus
851 3065 910 3131 vix
931 3065 1103 3148 noscitur,
1127 3080 1246 3133 omnes
1325 3075 1332 3091 ·

316 3194 442 3280 Aligeri
465 3211 601 3280 paeana
622 3194 774 3276 canunt,
798 3191 999 3276 caelumque
1022 3191 1167 3260 resultat

314 3321 462 3388 Laetitia
484 3320 641 3406 ingenti3
664 3337 747 3386 nam
770 3337 857 3406 quae
880 3293 1039 3386 subsellia
1062 3317 1160 3404 liquit

314 3445 452 3513 Hostilio
475 3445 584 3530 legio,
606 3444 760 3513 stellanti
782 3447 820 3511 ut
843 3443 958 3528 fulgur
979 3443 1024 3510 ab
1047 3444 1127 3510 aula

207 3576 270 3641 125
315 3572 524 3655 Exturbata,
549 3571 648 3638 novis
669 3570 811 3638 tandem
833 3568 1047 3656 complentur
1069 3568 1225 3636 alumnis.

315 3701 443 3765 Rursus
465 3701 501 3766 et
522 3698 698 3766 aetheriae
721 3713 792 3765 una
814 3698 1023 3786 procubuere
1047 3695 1257 3782 phalanges,

315 3825 479 3892 Velantes
501 3824 623 3891 faciem
647 3824 770 3910 pennis
791 3822 892 3890 simul
916 3839 974 3890 ore
998 3824 1184 3890 canentes:

314 3955 559 4040 Omnipotens,
584 3951 768 4020 metuende
791 3951 899 4030 Deus,
924 3948 984 4014 tibi
1005 3947 1116 4032 gloria
1138 3948 1199 4016 soli

316 4083 359 4147 Et
378 4081 441 4148 soli
464 4080 573 4146 virtus
595 4079 632 4145 et
654 4079 780 4144 honos:
806 4075 896 4162 regis
918 4077 1034 4143 omnia
1057 4077 1165 4157 nutu,

208 4211 270 4276 1:30
317 4207 413 4274 Eruis
436 4225 456 4272 e
479 4204 608 4286 nihilo,
632 4202 693 4270 tibi
716 4201 777 4270 soli
800 4201 881 4268 diva
902 4203 1056 4287 potestas

316 4336 355 4399 ln
378 4332 510 4398 caelum
534 4332 750 4414 terramque,
773 4329 849 4394 tuas
871 4327 932 4394 tibi
956 4327 1068 4394 dicere
1090 4325 1209 4394 laudes

314 4453 395 4530 Quis
417 4453 505 4537 potis
527 4451 604 4518 esti
627 4452 722 4518 Unus
742 4431 900 4536 sapiens,
925 4448 1125 4516 iustissimus
1147 4464 1256 4531 unns,

315 4581 357 4646 Et
380 4579 487 4646 bonus
507 4581 545 4647 et
566 4579 737 4659 clemens3
768 4578 863 4646 sortis
885 4557 1048 4644 miracula
1069 4577 1210 4644 dextrae
