3576 5376
699 538 836 590 munem
859 539 924 588 xiv

315 661 497 748 Excipiunt
519 663 717 732 venientem
739 668 776 733 et
797 664 890 733 lucta
913 683 996 734 voce
1018 665 1172 735 saluum
1248 701 1251 708 ·
1298 667 1303 682 '

403 788 581 874 Optatum,
604 789 702 858 vates
723 807 825 876 quem
846 789 1001 859 cednera
1023 790 1130 874 sacri,

317 910 359 978 Et
380 911 490 979 saneti
512 911 651 997 heroes,
674 915 810 1000 patrum
832 914 1030 984 veneranda
1050 931 1218 1000 propago,

227 1033 272 1100 60
404 1036 526 1104 Mortui
549 1037 586 1103 in
607 1037 727 1106 ultoris
748 1055 911 1125 spemque
933 1037 1104 1124 iidemque
1127 1038 1196 1105 liei.

318 1160 388 1227 Neo
409 1161 454 1227 sit
477 1160 528 1228 iss
549 1161 674 1231 cunuti
695 1162 865 1250 longaeva
887 1162 924 1230 in
946 1164 1103 1250 tempora
1124 1179 1246 1248 corpus

405 1285 535 1371 Exiguo
556 1287 595 1354 in
617 1287 718 1356 terme
738 1287 910 1356 delituime
931 1303 1045 1373 specu.

316 1410 426 1478 Terno
447 1410 518 1480 sole
540 1411 627 1481 latet
649 1414 749 1508 lonas
772 1411 1001 1499 praenuncius
1022 1429 1103 1480 orca
1123 1411 1181 1478 (¹l:

404 1535 552 1605 Ulterius
573 1539 685 1606 Iesum
706 1553 772 1606 nac
794 1556 880 1607 cara
901 1555 986 1607 saxa
1008 1539 1139 1624 tegant.

229 1660 274 1726 65
316 1660 489 1730 1ncassum
511 1661 658 1748 lapidem
680 1663 864 1750 obsignant
886 1666 923 1732 et
943 1661 1052 1731 milite
1075 1663 1237 1748 cingunt:

406 1785 579 1856 calliditas
600 1788 733 1857 Christo
756 1787 919 1875 numquid
942 1790 1059 1857 obesse
1082 1786 1215 1875 potasti

320 1911 369 1976 Ac
392 1911 497 1980 veluti
520 1915 651 1998 pastor,
676 1931 795 1983 somno
817 1913 846 1981 si
869 1913 956 1982 forte
980 1913 1106 2000 quierit

406 2036 537 2105 Stratus
558 2039 666 2122 humi,
689 2056 833 2126 quercus
855 2057 922 2127 qua
943 2041 1043 2108 vetus
1064 2039 1185 2108 umbra
1206 2039 1314 2118 cadit,

319 2159 386 2226 Vix
408 2165 628 2248 experrectus
650 2163 742 2232 molli
765 2163 940 2249 consurgit
961 2180 1089 2246 amna,

233 2287 278 2350 70
411 2285 569 2373 lllapsnm
591 2288 695 2356 fiunti
716 2289 853 2357 discutit
876 2292 914 2356 et
935 2287 1070 2370 folium3

322 2409 419 2477 Haud
440 2409 542 2480 aliter
563 2415 618 2480 ter
639 2413 696 2481 ubi
720 2413 802 2482 salix
822 2429 947 2481 amora
968 2413 1142 2495 rubescat,

409 2537 519 2606 Morte
541 2538 766 2626 triumphata,
788 2539 923 2608 deseret
944 2538 1002 2607 ille
1024 2555 1171 2625 specum.

325 2659 412 2744 Ergo
435 2679 525 2746 pone
547 2664 684 2732 modum
705 2663 870 2748 lacrimis,
893 2681 1071 2750 compesce
1093 2661 1266 2749 querelas,

410 2787 587 2873 Magdala:
610 2787 690 2875 quid
714 2805 862 2874 moeres,
885 2808 906 2857 o
929 2790 1048 2872 Petra,
1072 2787 1195 2875 quidve
1218 2787 1356 2856 tremisi

234 2909 278 2972 75
323 2907 372 2974 lin
395 2908 622 2982 immortalem
644 2913 743 2982 datur
764 2916 942 3000 aspectare
964 2913 1163 2998 Magistrum

409 3036 450 3100 Et
473 3033 562 3103 dulei
583 3037 704 3106 obtutu
725 3037 963 3124 colloquiisque
987 3037 1063 3105 frui.

322 3154 460 3240 Saepius
481 3156 552 3243 ipse
574 3159 644 3228 suis
664 3158 792 3228 astabit
812 3161 982 3244 cominus,
1005 3158 1132 3227 almam

410 3281 452 3348 iit
473 3300 592 3368 pacem
613 3284 753 3371 trepidis
773 3287 809 3353 et
831 3285 920 3354 bona
942 3287 1048 3353 verba
1070 3283 1166 3352 ieret

323 3405 459 3474 interea
480 3425 589 3476 vacuo
610 3409 729 3478 sedeat
751 3409 950 3480 veneranda
970 3410 1125 3497 sepulcro

236 3531 280 3594 80
308 3545 312 3556 ’
412 3530 558 3619 Religio,
581 3536 618 3602 et
640 3534 781 3603 memori
802 3537 918 3604 servet
939 3534 1068 3604 honore
1089 3533 1218 3616 locum,

322 3653 388 3722 Ore
410 3655 507 3740 gravi
531 3656 692 3740 rutilans3
714 3657 857 3726 calicem
878 3657 937 3726 sed
961 3656 1104 3726 dextera
1125 3658 1291 3726 monstret

410 3781 613 3849 Fumantem
635 3781 691 3849 dio
712 3783 894 3868 sangnine,
918 3781 1018 3851 laeva
1038 3781 1190 3851 Crucem.

266 3909 272 3926 '
326 3904 367 3970 Et
387 3922 489 3991 super
511 3905 666 3992 imponet
689 3923 853 3992 magnum
875 3905 1048 3974 molimine
1071 3905 1252 3993 templum,

411 4028 620 4116 Munereque
643 4032 680 4098 et
699 4031 828 4101 sanctis
849 4030 909 4098 det
930 4030 1085 4116 pletura
1108 4029 1199 4100 focis

236 4153 280 4217 85
326 4152 377 4219 lin
398 4152 521 4241 hospes
542 4172 748 4242 peragrans,
770 4157 809 4224 ut
830 4155 921 4224 saxis
943 4155 1057 4222 oscula
1079 4154 1179 4236 libet,

411 4279 577 4365 Advenit,
600 4283 638 4349 et
659 4281 779 4366 longas
801 4298 871 4347 non
893 4279 989 4366 piget
1009 4279 1059 4347 ire
1080 4281 1171 4348 vias:

325 4403 367 4471 at
388 4403 416 4472 si
438 4403 530 4472 dirus
551 4405 659 4474 Arabs
680 4405 815 4492 Solyma
837 4405 998 4490 potietur,
1021 4405 1057 4472 et
1079 4405 1183 4472 armis

413 4528 573 4596 vastator
594 4529 681 4598 tinas
702 4531 841 4616 proruet
863 4528 900 4594 in
921 4525 1044 4611 syrios3
