3576 5376
799 537 913 588 vnum
1397 523 1463 589 373

364 667 431 734 On!
456 666 538 734 felix
561 663 762 747 Raimunde,
786 665 902 751 procul
925 664 1012 751 quod
1036 663 1212 732 moenibus
1227 665 1307 732 altis

449 790 565 858 Vitam
588 789 699 874 agitas
721 806 803 856 cara
825 790 969 856 rusticus
991 788 1028 854 in
1051 787 1179 874 patria!

275 919 318 984 25
362 919 470 994 Quam
493 914 639 1000 mallem,
661 915 825 1001 strepitus
846 915 882 982 et
904 915 999 982 tecta
1020 913 1189 982 tumentia
1213 913 1301 982 fastu

448 1038 638 1124 Enipeus,
663 1039 776 1106 tecum
799 1055 880 1105 rura
902 1038 1005 1105 beata
1026 1037 1130 1123 sequi.
1243 1075 1245 1080 -

363 1165 450 1233 Nam
472 1164 528 1250 qui
552 1180 673 1231 caecus
695 1181 777 1250 opes
798 1166 834 1230 et
857 1161 1009 1249 pondera
1030 1162 1144 1230 divitis
1166 1163 1240 1230 auri

450 1289 587 1375 Expetit
609 1291 713 1374 atque
734 1287 835 1356 avido
858 1289 966 1373 pascit
988 1305 1103 1356 amoro
1126 1289 1295 1371 animum,

362 1413 422 1480 Ille
444 1429 568 1497 graves
590 1411 765 1478 homiuum
788 1410 895 1478 discat
917 1409 1101 1480 defendere
1124 1411 1202 1480 lites

275 1537 318 1603 30
450 1535 659 1622 Garrulaque
683 1535 807 1603 incerti
829 1533 942 1604 dicore
966 1535 1040 1603 iura
1057 1535 1129 1604 lori.

362 1663 438 1729 Non
461 1660 524 1729 hoc
546 1660 725 1747 ingenium
747 1660 861 1744 nobis,
884 1662 944 1729 sad
967 1679 1117 1747 paupere
1140 1663 1234 1731 cultu

445 1788 505 1854 Est
526 1786 611 1855 satis
632 1787 786 1870 agrestes
808 1784 987 1854 incoluisse
1010 1804 1114 1854 casas.

362 1909 442 1988 Quis
463 1927 536 1992 me,
561 1909 635 1996 quis
656 1911 772 1977 tecum
796 1908 912 1978 salices
934 1909 1033 1978 tollat
1055 1910 1091 1976 in
1114 1909 1229 1979 hortos

450 2035 563 2102 Aurea
585 2035 680 2121 queis
702 2033 806 2102 etiam
828 2034 966 2103 saecula
988 2034 1098 2121 prima
1118 2035 1249 2104 fluenti

273 2163 317 2230 35
360 2163 436 2230 Νοιι
457 2161 535 2230 odia
556 2160 612 2231 hic
634 2160 836 2246 rabidusque
859 2160 953 2229 tirror
983 2160 1183 2248 fraudesque
1213 2162 1370 2250 dolique,

449 2284 524 2350 Non
547 2281 664 2368 primis
686 2279 825 2349 inhians
846 2281 981 2350 sedibus
1003 2282 1144 2350 ambitio
1151 2300 1162 2366 ;

360 2408 422 2477 Sed
446 2407 571 2493 pietas,
593 2405 653 2475 sad
675 2405 768 2492 pacis
789 2424 902 2489 amor,
925 2407 986 2475 sed
1006 2407 1079 2476 sola
1101 2408 1260 2495 voluptas

447 2531 572 2600 Vivoro
593 2548 730 2599 securos
751 2533 789 2597 et
808 2529 883 2598 sine
907 2532 997 2598 nube
1019 2530 1099 2599 dies

360 2655 536 2726 Proximus
558 2655 613 2724 hic
633 2655 754 2724 latices
774 2655 905 2724 sitienti
927 2655 1053 2724 sufficit
1073 2657 1202 2743 amnis,

274 2783 316 2849 40
447 2780 589 2847 Instruit
611 2778 666 2846 hic
689 2797 810 2866 parcas
832 2780 958 2848 mistica
979 2797 1099 2848 mensa
1121 2781 1232 2868 dapes.

358 2908 466 2983 Quam
488 2904 586 2972 dulce
609 2904 745 2974 interea
764 2905 875 2973 strata
897 2922 1104 2990 consurgere
1127 2905 1246 2975 fronde

447 3031 548 3100 Mane
570 3047 660 3098 novo
681 3031 719 3098 et
740 3029 863 3098 summi
886 3029 1023 3098 culmen
1044 3029 1138 3099 adire
1161 3033 1247 3120 iugi,

361 3154 455 3223 Unde
477 3152 671 3222 rubescenti
691 3157 891 3238 surgentem
914 3170 1057 3222 cernere
1079 3154 1122 3222 ab
1145 3159 1222 3223 ortu

448 3280 615 3347 Auroram
645 3280 681 3346 et
702 3278 819 3364 pulcro
842 3276 959 3346 nubila
980 3295 1099 3364 sparsa
1121 3298 1238 3362 croco;

273 3409 315 3474 45
359 3409 401 3474 nt
423 3403 547 3492 passim
569 3405 708 3490 captare
731 3402 826 3472 leves
847 3403 884 3470 in
905 3402 1048 3472 saltibus
1070 3422 1187 3489 auras,

446 3531 540 3607 Quae
562 3501 667 3597 solem
691 3528 822 3597 blandis
843 3527 978 3597 flatibus
999 3530 1202 3598 antevolant
1209 3550 1220 3614 ;
1339 3525 1351 3548 ‘
1386 3537 1389 3544 ’

359 3655 400 3718 llt
421 3668 522 3738 rupes
542 3649 799 3736 circumspicere
821 3651 857 3718 et
878 3649 1014 3718 stabula
1035 3649 1108 3718 alta
1130 3651 1278 3720 ferarum

445 3781 615 3864 Prataque
638 3780 674 3845 et
697 3776 839 3845 effusum
860 3775 953 3845 laeta
975 3795 1144 3862 perarua
1168 3796 1286 3866 pecus,

359 3905 401 3972 Et
422 3902 539 3989 procul
560 3901 599 3969 in
622 3900 720 3968 viridi
744 3901 916 3986 fugientes
936 3901 1093 3986 gramine
1120 3902 1256 3988 damas,

271 4033 315 4098 50
445 4027 530 4093 Dum
552 4025 700 4093 subeunt
721 4024 850 4092 celeres
870 4041 930 4092 ore
951 4023 1107 4093 inhiante
1130 4043 1242 4096 cauas

285 4159 287 4166 ’
358 4151 490 4220 Bacche
511 4150 625 4237 pater,
650 4149 787 4217 silvane
808 4167 932 4232 senex,
956 4150 1130 4236 Faunique
1147 4151 1302 4222 bicornes

444 4279 486 4344 at
508 4276 673 4362 quotquot
694 4291 871 4342 nemorum
894 4273 980 4341 iuvit
1002 4275 1113 4344 amica
1135 4277 1248 4362 quies,

359 4404 413 4472 Sic
434 4401 535 4485 milri,
558 4400 606 4468 sic
628 4399 730 4468 liceat
751 4401 826 4467 tuto
849 4401 1027 4469 traducere
1052 4403 1174 4483 vitam,

445 4528 557 4594 Donec
581 4544 672 4594 mors
692 4543 861 4594 summum
884 4529 1021 4596 nuntiet
1044 4533 1120 4596 atra
1142 4528 1253 4597 diem:
