3576 5376
310 521 374 586 391
860 533 974 583 vuum

417 659 582 729 curandis
605 657 780 726 hominum
803 658 944 726 morbis:
968 659 1130 744 expertus
1151 660 1187 725 61
1211 657 1281 742 ipse

418 787 607 868 Linnaeus,
631 787 743 852 terrae
767 785 884 868 partus
905 783 962 870 qui
984 783 1081 850 novit
1104 785 1140 849 et
1162 781 1286 850 herbas

419 911 548 997 Quique
570 925 689 978 omnes
710 907 845 994 proprio
867 907 1043 992 descripsit
1065 907 1205 974 nomine
1228 906 1381 993 plantas,

313 1040 375 1106 125
419 1038 479 1106 His
500 1035 651 1120 tardam,
675 1035 723 1101 sic
744 1034 801 1101 ille
824 1034 945 1116 refert,
969 1033 1090 1101 vicisse
1113 1033 1308 1119 podagram.

505 1164 660 1232 Forsitan
683 1165 720 1230 et
741 1179 902 1249 quaeres,
926 1163 1054 1249 primus
1076 1161 1132 1248 qui
1155 1162 1328 1230 montibus
1348 1161 1427 1230 altis

417 1291 544 1376 Sponte
566 1289 787 1356 renascentes
807 1286 939 1354 soboles
960 1286 1134 1354 induxerit
1156 1287 1264 1355 hortis

417 1409 555 1478 Iusserit
576 1411 679 1494 atque
702 1424 793 1476 novo
816 1425 954 1494 campos
968 1425 1089 1494 parere
1112 1407 1230 1476 labori.

418 1535 579 1603 Alcinous
601 1535 681 1602 dum
703 1551 765 1602 rex
787 1533 954 1620 phaeaoia
974 1536 1109 1620 sceptra
1132 1535 1285 1619 teneret,

314 1663 375 1728 130
419 1659 549 1728 Extulit
571 1659 704 1742 ingenti
727 1658 884 1726 miranda
905 1659 1033 1744 palatia
1054 1658 1152 1740 luxu,

420 1785 489 1852 Nec
511 1784 627 1870 procul
650 1783 730 1849 hinc
753 1785 898 1868 quatuor
920 1800 981 1868 per
1003 1783 1125 1867 iugera
1146 1783 1298 1851 condidit
1319 1776 1492 1852 hortum'

418 1909 563 1976 Miratur
585 1907 733 1991 Corcyra
754 1907 805 1974 sui
828 1907 981 1993 pomaria
1004 1907 1112 1992 regis,

419 2033 602 2102 Arboribus
624 2033 755 2130 patulis
770 2049 857 2118 quae
881 2033 1009 2101 circum
1032 2037 1068 2102 61
1089 2051 1170 2120 sepe
1192 2016 1362 2117 revinxit}

418 2159 586 2226 Mirantur
607 2157 717 2240 Graii,
740 2173 929 2243 peragrans
952 2157 1096 2225 miratur
1119 2158 1262 2243 Ulysses.

314 2285 376 2352 135
420 2283 482 2350 Hie
505 2282 601 2350 oleae
624 2280 735 2348 baccis
758 2280 918 2366 pingues,
942 2280 997 2348 hic
1021 2281 1146 2366 punica
1168 2282 1278 2350 malus

419 2408 461 2474 Et
483 2403 637 2493 pendens
658 2404 818 2489 gravibus
841 2403 971 2472 felicior
992 2423 1061 2473 uva
1084 2406 1230 2474 racemis

420 2533 464 2598 111
485 2547 589 2615 pyrus
618 2530 655 2596 et
675 2527 764 2597 dulci
787 2530 986 2613 spumantes
1006 2532 1148 2599 nectare
1171 2531 1255 2598 ficus

421 2659 532 2741 Atque
556 2655 716 2739 fatigatos
737 2655 792 2723 hic
814 2673 916 2741 poma
937 2657 1119 2725 onerantia
1142 2675 1270 2740 ramos,

420 2783 462 2849 Et
484 2783 601 2867 partus
623 2782 775 2848 maturus
797 2780 853 2848 ubi
876 2779 1070 2862 secundior,
1093 2785 1193 2850 mbos

314 2907 377 2973 110
421 2907 498 2990 Ipsa
520 2921 627 2971 novas
649 2903 756 2972 mittit
777 2921 949 2987 gemmas,
976 2922 1041 2972 nec
1064 2905 1179 2974 deficit
1200 2924 1359 2993 uuquam.

421 3031 532 3115 Usque
554 3029 649 3097 leves
670 3028 807 3114 zephyri
831 3028 995 3113 1611111111,
1018 3033 1054 3098 61
1077 3030 1176 3098 binus
1197 3049 1308 3117 aquae
1331 3032 1406 3100 lons

422 3156 569 3223 Auratas
590 3153 692 3221 aedes
714 3153 893 3238 feliciaque
916 3154 1024 3220 abluit
1046 3171 1139 3222 arva

420 3282 483 3349 Hic
506 3279 610 3366 igitur
632 3278 796 3365 primum,
819 3279 847 3346 si
870 3296 924 3345 me
947 3296 1018 3346 non
1042 3280 1129 3348 ludit
1151 3281 1289 3367 Apollo,

423 3408 634 3491 Quamquam
655 3401 849 3472 Maeonides
870 3406 1004 3488 accat,
1028 3403 1221 3474 dulcissima
1243 3407 1342 3492 fraga

318 3535 379 3599 115
423 3529 599 3598 Mutarnnt
620 3529 810 3596 silvestrem
832 3528 999 3612 animum,
1024 3528 1185 3617 cultuque
1209 3531 1359 3618 benigno

424 3655 561 3724 Consita
583 3658 769 3740 coeperunt
791 3653 987 3722 Phaeacum
1008 3671 1203 3723 assuescere
1226 3657 1343 3741 terris,

424 3779 605 3864 Primaque
630 3776 843 3882 magnanimi
865 3778 1030 3845 decorant
1052 3779 1210 3846 convivia
1233 3781 1332 3864 regis.

513 3903 576 3970 Sed
598 3901 699 3984 satis;
723 3901 881 3970 occiduas
902 3920 985 3969 nam
1006 3903 1057 3970 sol
1078 3903 1230 3972 declinat
1251 3906 1294 3972 ad
1318 3905 1443 3974 undas:

424 4030 518 4099 Cena
540 4032 656 4110 vocat,
681 4032 819 4112 Frater,
842 4046 949 4098 cenae
972 4029 1040 4097 iam
1063 4029 1162 4117 fraga
1185 4031 1358 4100 nitescunt

320 4160 382 4226 150
427 4155 551 4224 Mollia.
575 4157 685 4241 Perge
709 4155 775 4224 frui
798 4155 867 4224 iam
889 4174 1032 4226 munere
1055 4155 1170 4224 divitis
1191 4158 1290 4226 horti.

1065 4346 1097 4382 ml
1135 4348 1223 4384 Arduus
1238 4347 1275 4382 All.
1292 4350 1424 4386 mimam.

388 4559 421 4619 (l)
438 4558 483 4605 Arx
499 4557 605 4616 Planina,
622 4557 710 4616 italice,
728 4558 806 4605 0116161
821 4559 919 4616 Plano,
935 4561 971 4607 est
986 4560 1090 4620 oppidum
1105 4575 1173 4622 prope
1189 4563 1278 4612 dedum
1295 4561 1319 4610 in
1334 4565 1422 4613 Piceno.
