3560 5368
341 529 407 595 232
805 539 1087 595 -rnnrnnrunnos

381 677 402 742 5
447 643 650 760 Virgineus:
676 673 760 742 miro
782 673 830 742 sic
852 673 970 742 ordine
993 671 1106 758 prodit
1127 672 1172 740 ab
1193 670 1271 739 alvo

448 803 583 868 Intacta
605 799 738 868 aeterni
762 798 879 869 Proles
900 802 1045 868 aeterna
1066 797 1246 878 Parentis,

447 926 585 993 Exuviis
607 925 727 993 induta
749 925 946 1008 homiuum,
976 924 1151 1011 peccantis
1186 919 1306 989 Adami

447 1051 601 1120 Solveret
623 1055 662 1119 ot
685 1069 850 1136 poenam,
883 1052 920 1118 et
940 1049 1061 1136 generi
1084 1047 1255 1117 reseraret
1276 1044 1460 1128 olympum.

534 1177 597 1253 Qui
619 1179 773 1244 sancum
796 1176 943 1264 implesti
965 1177 1085 1244 saneto
1100 1174 1142 1243 de
1157 1171 1314 1259 germine
1330 1169 1510 1253 Sponsam,

363 1303 402 1367 10
445 1303 518 1368 Huc
541 1301 650 1385 adsis,
676 1306 858 1390 vatemque
880 1321 978 1371 sacro
1000 1301 1167 1370 succende
1191 1298 1324 1378 calore,

445 1429 528 1497 Dive
550 1428 672 1513 Amor,
703 1431 742 1497 ut
764 1447 905 1498 carmen
928 1432 1026 1498 tanta
1048 1429 1094 1496 sit
1116 1427 1261 1511 Virgine
1285 1424 1437 1508 dignum.

379 1523 394 1544 ’
447 1556 496 1622 Tu
518 1573 672 1642 quoque,
696 1555 893 1624 Christiadis
915 1555 988 1624 veri
1011 1555 1162 1640 rectique
1186 1550 1370 1635 Magister,

447 1681 601 1748 OPater
623 1683 659 1750 et
682 1682 861 1768 Princeps,
883 1681 1096 1749 humilesne
1118 1677 1253 1764 despice
1276 1674 1415 1752 cautus,

446 1805 605 1874 Solamen
627 1807 738 1891 curis,
769 1807 948 1893 tristique
972 1810 1125 1892 tempore
1149 1806 1264 1871 tecum

364 1929 404 1993 15
448 1928 624 1998 verrimus
645 1930 825 1998 adversum
847 1930 961 1997 ventis
992 1927 1203 2016 agitantibus
1225 1940 1371 2010 aequor:

448 2056 494 2121 Te
517 2054 602 2123 duce
632 2055 692 2124 sed
705 2057 790 2152 tuto
812 2055 948 2124 debitur
970 2053 1148 2124 considere
1175 2054 1285 2139 portu.

536 2181 713 2267 Templum
736 2184 812 2250 erat
833 2181 977 2268 antiqua
997 2179 1059 2248 sub
1081 2178 1247 2263 religione
1272 2171 1482 2246 verendum3

450 2305 612 2374 Restituit
634 2306 779 2393 primum
803 2307 967 2392 Solymis,
991 2307 1048 2375 ubi
1072 2305 1157 2372 liber
1177 2301 1278 2371 Iudas

452 2432 590 2500 Finibus
610 2434 749 2518 assyriis
769 2434 855 2502 abiit
877 2434 1092 2521 patriamque
1114 2432 1251 2513 revisit,

361 2558 405 2623 20
450 2557 653 2628 Zorobabcl:
677 2559 725 2626 illi
750 2577 831 2627 nam
855 2579 942 2646 quae
965 2559 1139 2645 Babylone
1161 2556 1361 2644 supersunt,

450 2683 541 2750 Vasa
563 2683 667 2752 dabat
688 2684 815 2770 Cyrus,
848 2685 1001 2772 phialas,
1025 2683 1119 2752 fulvo
1141 2669 1394 2777 aere'lebetas,

448 2805 491 2872 ut
512 2805 638 2874 cultros
659 2809 861 2894 oyatosque,
884 2806 1080 2894 auratisque
1103 2823 1224 2891 aspera
1246 2803 1352 2888 signis

449 2929 608 3014 cymbia,
631 2933 796 3018 quotquot
818 2935 919 3000 erant
941 2931 1059 3018 templi
1082 2932 1288 3001 ornamenta
1310 2927 1439 3012 prioris

448 3057 536 3140 Ergo
559 3075 643 3143 opus
665 3049 815 3125 Isacidae
837 3057 1051 3141 instaurant,
1073 3057 1133 3124 sed
1155 3055 1296 3126 callidus
1317 3055 1395 3122 astu

361 3177 405 3244 25
448 3177 625 3248 Subneetit
647 3180 782 3248 fraudes
804 3179 973 3249 Samarita
999 3182 1104 3267 atque
1127 3180 1243 3248 omnia
1267 3151 1394 3244 miscet

450 3304 543 3370 Tunc
566 3304 675 3372 virtus
697 3305 882 3373 manifesta
904 3306 980 3385 Dei,
1005 3307 1088 3373 tune
1110 3307 1262 3373 monstra
1284 3302 1482 3388 sequuntur.

449 3429 603 3516 Namque
626 3429 806 3516 improviso
828 3428 1091 3512 candelabrum,
1115 3429 1251 3515 ignibus
1271 3425 1397 3494 ardens

449 3553 625 3639 Septenis,
649 3555 758 3622 visum
781 3557 834 3622 est
857 3555 945 3622 binis
966 3553 1168 3622 circumdari
1191 3553 1288 3622 olivis

450 3675 537 3742 Hinc
559 3677 663 3762 atque
687 3675 784 3760 binc,
807 3693 925 3745 sacrae
948 3693 1036 3762 quae
1051 3677 1220 3762 praebent
1240 3671 1366 3760 pabula
1381 3669 1547 3737 dammae.

362 3798 406 3864 30
449 3799 542 3875 Quae
564 3799 627 3867 sibi
650 3801 750 3868 tanta
771 3800 881 3868 velint
904 3801 1041 3868 miranti
1065 3799 1185 3886 pandit
1207 3797 1309 3867 Iudae

450 3924 625 4010 Penniger
648 3943 667 3994 e
690 3925 785 3994 caelo
809 3926 948 3994 missus:
979 3927 1062 3993 tunc
1085 3925 1230 4011 impiger
1252 3922 1308 3990 ille

450 4047 644 4134 Insequitur
664 4050 843 4133 coeptum:
871 4046 992 4116 cedrus
1013 4045 1105 4115 cadit
1127 4047 1197 4114 icta
1218 4044 1351 4124 securi,

451 4169 619 4237 Ardentes
640 4170 772 4237 instant
794 4169 911 4255 operi3
934 4186 1013 4254 pars
1035 4167 1159 4236 ducere
1182 4183 1316 4247 muros,

449 4295 533 4362 Pars
566 4293 695 4380 lapides
717 4293 873 4362 conterre
894 4310 1088 4379 gravesque
1110 4295 1231 4378 aptare
1255 4289 1439 4359 columnas

362 4418 407 4484 35
451 4419 521 4488 Nee
543 4423 660 4486 tameo
683 4419 788 4488 hostis
810 4419 923 4500 abest;
946 4417 1006 4485 sed
1027 4417 1128 4486 laeva
1150 4417 1187 4484 in
1209 4415 1299 4484 bella
1321 4416 1462 4501 paratus

449 4541 553 4618 &uta
574 4542 673 4608 tenet
695 4541 814 4620 Iudas,
842 4541 963 4607 dextra
987 4538 1186 4624 fabrilisque
1210 4557 1328 4606 arma:
