3472 5360
629 581 740 630 LIBER
762 580 942 632 SECVNDVS

281 707 491 794 Compellare
515 707 626 774 virum
648 727 689 776 ac
712 709 828 776 tantm
850 723 1036 791 agnoscere
1060 724 1166 772 casus

282 834 464 909 Quaeritur
486 833 565 900 hinc
590 837 704 915 vates3
727 833 756 900 it
778 832 920 901 nuntius
942 832 1014 919 ipse
1039 831 1209 899 Malassar.

372 959 476 1028 Novit
497 959 555 1027 ubi
577 958 724 1027 Smerdis
745 959 818 1026 vati
842 957 1012 1044 Iudaeque
1037 955 1153 1024 lavere

284 1087 465 1153 Persarum
487 1103 626 1171 regem,
652 1085 777 1152 Gobria
798 1085 904 1168 duce,
929 1082 1082 1151 cominus
1105 1084 1196 1149 astat

180 1211 242 1276 170
287 1211 436 1295 Victori,
459 1212 607 1278 subeunt
630 1227 701 1279 una
722 1214 950 1297 satrapaeque
973 1209 1140 1294 magique.

286 1339 354 1405 Hos
374 1341 475 1423 urget
497 1337 603 1420 livor,
626 1337 839 1423 stimulisque
859 1337 1014 1432 incendit
1037 1336 1163 1405 amaris

285 1463 400 1530 Gloria
420 1463 533 1531 iudaei
555 1463 664 1546 vatis,
687 1463 741 1531 cui
764 1461 915 1549 pandere
937 1481 1057 1532 sensus

286 1589 476 1657 Verborum
497 1589 614 1673 licuit,
637 1608 721 1676 quos
742 1589 805 1676 ipsi
828 1589 1001 1676 attingere
1026 1588 1152 1655 frustra

287 1716 488 1783 Tentorant.
510 1716 599 1799 Ergo
622 1714 710 1798 cyro
732 1717 769 1782 et
791 1715 986 1783 victricibus
1007 1714 1110 1782 armis

181 1840 242 1906 175
288 1840 486 1909 Arsacidum
510 1839 657 1907 tundunt
680 1839 818 1922 laudes,
840 1841 900 1908 sed
921 1858 1065 1926 germen
1089 1838 1188 1906 Iacob

286 1966 328 2032 Et
350 1966 465 2033 vatem
488 1964 624 2051 obliqua
647 1965 777 2033 invidia
801 1965 978 2052 verbisque
1002 1965 1183 2032 lacessunt.

286 2091 354 2158 Vix
375 2090 595 2176 introgressi,
619 2089 786 2173 SmerdiS‚
811 2108 913 2177 quem
935 2107 1025 2176 pone
1050 2089 1250 2175 magistrum

286 2217 514 2303 Exemploque
537 2217 659 2284 ducem
680 2235 907 2304 proceresque
931 2217 1091 2302 magique
1115 2217 1322 2302 sequuntur,

287 2341 462 2410 Proiectus
483 2341 584 2409 terris
606 2360 725 2427 regem
748 2342 843 2429 quasi
866 2358 995 2409 numen
1018 2341 1159 2409 adorat:

183 2470 244 2534 180
288 2468 371 2536 Dein
394 2471 597 2554 conceptum
620 2469 738 2553 ignem
760 2469 860 2536 dictis
883 2447 932 2536 ila
955 2468 1079 2555 promit
1101 2469 1257 2564 acerbisg

286 2595 394 2663 Note
417 2611 462 2661 ne
486 2593 599 2662 verbis
620 2594 761 2680 capiant
782 2597 886 2680 atque
909 2595 986 2661 arte
1010 2593 1127 2662 dolosa

289 2717 458 2801 Isacidae,
482 2736 592 2802 genus
614 2718 776 2801 infidum,
800 2716 889 2803 quod
913 2717 1087 2785 fraudibus
1109 2718 1189 2786 olim

290 2843 529 2930 blentitisque,
555 2843 692 2927 lerunt,
716 2844 876 2912 monstris
898 2845 1009 2912 evasit
1030 2846 1074 2912 ab
1098 2844 1165 2912 oris

290 2969 460 3055 Aegypti,
483 2972 591 3055 atque
615 2969 755 3038 inhians
777 2969 932 3039 fecundis
953 2971 1058 3039 ubere
1081 2971 1190 3056 glebis

186 3097 247 3160 185
290 3095 454 3163 Pacificos
476 3095 588 3177 ferro,
611 3095 784 3164 latronum
807 3113 923 3181 more,
949 3096 1086 3165 colonos

290 3221 426 3308 Expulit
449 3223 650 3307 excidioque
673 3221 764 3306 ruit,
788 3225 1028 3308 sceptrumque
1051 3223 1232 3309 superbum

289 3328 421 3434 Ereptis
443 3349 562 3433 opibus
583 3348 764 3434 spoliisque
788 3349 933 3416 extorsit
954 3349 1084 3435 opimis.

286 3473 350 3542 Sed
373 3475 554 3559 postquam
576 3473 610 3538 vi
634 3473 824 3541 Chaldaeos
846 3473 1056 3542 contendere
1080 3478 1201 3548 contra

289 3598 375 3666 Sunt
396 3598 490 3680 ausi,
517 3598 615 3665 fracti
639 3598 744 3682 bello,
768 3601 946 3686 patriaque
969 3599 1106 3685 relicta,

187 3723 247 3791 190
290 3725 455 3792 Servilem
479 3727 634 3792 extorres
655 3727 826 3809 coguntur
848 3723 971 3792 ducere
995 3726 1112 3794 vitam.

290 3851 428 3918 Eminet
450 3851 511 3918 hos
532 3851 624 3919 inter
646 3851 800 3936 iuvenis,
825 3870 890 3938 quo
913 3851 1043 3920 doctior
1066 3855 1155 3922 alter

290 3977 367 4044 Non
391 3976 456 4043 suit
477 3979 538 4046 aut
562 3994 699 4044 versare
723 3977 817 4044 dolos
840 3980 901 4045 aut
924 3978 1056 4063 lingere
1080 3981 1243 4047 monstra.

232 4099 235 4107 '
292 4104 390 4172 Hunc
413 4102 533 4169 Daniel
555 4102 674 4170 dixere
695 4104 762 4186 sui;
787 4103 982 4172 Baltbassar
1004 4104 1157 4172 atilium

290 4232 366 4316 Ipse
388 4246 449 4297 suo
472 4227 645 4315 quondam
668 4229 844 4298 decoravit
867 4230 1026 4300 nomine:
1051 4235 1182 4317 pestem

187 4357 249 4423 195
293 4355 391 4425 Hanc
414 4354 525 4440 luge...
549 4354 614 4424 Sed
636 4355 775 4440 Daniel,
799 4355 986 4424 comitante
1010 4356 1214 4437 Malassare,
1238 4357 1325 4441 Cyro

293 4485 475 4568 Promptus
496 4482 602 4550 adest.
627 4481 750 4568 Rigido
773 4483 971 4568 torpescunt
993 4484 1131 4566 gutture
1156 4499 1256 4549 voces

294 4607 434 4675 Smerdi.
459 4607 528 4676 Ceu
551 4625 648 4674 roseo
670 4625 777 4693 quum
798 4607 847 4674 sol
870 4607 1009 4691 exurgit
1030 4608 1074 4674 ab
1097 4609 1196 4688 ortu,
