3560 5368
343 518 408 582 234
820 501 1093 580 rnarnuu'rnnos

444 659 645 744 Discidium,
677 658 811 728 Gnatae
833 659 974 727 comites
996 659 1040 725 ad
1062 656 1186 724 limina
1209 654 1355 742 templit

358 783 401 848 70
443 781 495 850 Sic
518 781 683 868 placitum
703 783 834 868 superis
856 785 976 866 urget,
1004 782 1053 848 sic
1075 780 1132 848 dia
1155 779 1322 847 voluntas.

444 907 490 974 nt
511 907 681 975 caelorum
704 907 803 993 ignes
824 907 917 974 inter
939 923 1003 974 eeu
1024 905 1108 974 luna
1130 905 1279 972 minores

444 1031 592 1114 Emicat,
622 1031 713 1100 haud
734 1031 837 1100 aliter
858 1033 1011 1119 praestat
1034 1030 1155 1099 iesseia
1176 1030 1282 1114 Virgo

444 1156 589 1226 lsacidas
609 1175 748 1226 omnes:
771 1161 912 1227 sanotae
935 1157 1024 1244 quod
1047 1156 1203 1225 conserat
1223 1153 1301 1224 aedi

442 1281 497 1350 Nil
520 1281 666 1366 remgit,
689 1281 739 1349 nil
761 1282 829 1350 vile
853 1285 968 1370 putat,
992 1283 1075 1370 quin
1097 1285 1134 1350 et
1157 1298 1257 1367 prece
1282 1277 1393 1345 multa

354 1406 397 1471 75
441 1408 568 1474 Exorat
589 1408 729 1475 Patrem
751 1425 912 1494 superum
934 1410 973 1475 ut
995 1408 1154 1477 mittatur
1177 1407 1219 1474 ab
1241 1404 1311 1474 alto

444 1530 551 1606 Quem
572 1531 659 1599 sacri
683 1533 781 1600 vates
802 1533 943 1601 tandem
970 1531 1169 1601 mortalibus
1191 1529 1304 1614 aegris

443 1659 634 1728 Venturum
655 1661 829 1744 cecinere,
863 1665 950 1730 Deus
971 1661 1190 1748 patribusque
1210 1657 1393 1746 spopondit

442 1781 656 1852 Servatorem
679 1784 876 1867 hominum,
911 1784 1092 1871 primiqui
1114 1783 1244 1852 crimen
1271 1780 1393 1848 Adami

441 1906 561 1976 Doleat
590 1911 626 1976 et
649 1909 792 1977 miserae
825 1909 931 1978 soboli
961 1908 1048 1978 caeli
1071 1911 1161 1978 atria
1183 1907 1321 1995 pandat.
1439 1879 1444 1890 ’

355 2033 398 2096 80
442 2032 530 2099 Nam
552 2051 588 2101 se
611 2034 830 2120 quantumvis
852 2035 896 2102 ab
919 2035 1051 2121 origiue
1074 2034 1202 2102 sentiat
1224 2031 1334 2103 omnis

443 2157 626 2243 Expertem
647 2159 753 2243 labis,
777 2159 883 2228 fallax
905 2178 970 2228 nec
992 2160 1088 2228 ludat
1110 2159 1223 2243 imago

442 2282 592 2350 Mentem
614 2301 780 2369 aequam,
802 2284 949 2353 stimulis
972 2303 1036 2353 nee
1058 2303 1117 2354 cor
1139 2285 1288 2352 iactetur
1310 2279 1457 2368 iniquts3

442 2407 542 2474 Nulla
563 2409 626 2494 ipsi
649 2409 749 2496 culpa
772 2410 873 2494 hinc;
896 2413 1015 2479 tamen
1037 2410 1124 2478 haec
1145 2410 1324 2496 ploratque
1348 2405 1508 2490 doletque

441 2533 535 2607 Quae
557 2537 633 2619 post
656 2533 776 2604 falsam
798 2537 930 2605 Hevam
953 2536 1051 2604 nobis
1081 2535 1223 2602 nimium
1246 2530 1457 2601 aerumnosis

354 2657 397 2720 85
442 2657 620 2727 Obveuere
643 2660 734 2728 mala
760 2661 889 2729 insidiis
912 2664 949 2730 et
971 2661 1090 2731 lraude
1113 2659 1279 2730 draconis

440 2783 598 2867 Interea,
621 2785 795 2871 aspirante
818 2787 908 2872 Deo,
931 2805 1019 2874 quae
1041 2787 1196 2855 carmina
1216 2785 1350 2870 scripsit

444 2905 584 2974 leonides
605 2911 748 2990 atavus,
773 2909 946 2994 recolens,
969 2909 1054 2979 haec
1077 2927 1135 2978 ore
1159 2913 1326 2995 precatur.

528 3031 601 3100 Oh!
624 3051 712 3119 quae
735 3033 875 3102 deliciae
900 3036 983 3103 mihi
1005 3039 1087 3104 sunt
1109 3038 1170 3104 tua
1191 3033 1321 3120 templa
1353 3033 1500 3118 tuaeque

440 3151 562 3236 Sedes,
586 3154 676 3222 alme
700 3157 807 3239 Deus,
839 3161 1034 3245 quantoque
1057 3176 1183 3227 exuror
1204 3173 1320 3226 amore

353 3277 397 3342 90
442 3279 491 3343 Ac
514 3296 618 3365 prope
641 3279 780 3365 deficio,
804 3282 961 3368 solymae
984 3284 1063 3352 dum
1087 3303 1142 3353 me
1166 3284 1264 3352 tenet
1284 3279 1384 3350 aula!

441 3401 480 3465 In
503 3402 538 3468 te
561 3419 659 3470 mens
679 3403 786 3470 animi
808 3406 881 3472 toto
905 3423 986 3474 nam
1007 3409 1145 3493 pectore
1171 3405 1285 3493 gestit.

437 3525 716 3613 Quandoquidem
738 3547 854 3615 passer
876 3529 1046 3615 latebras,
1069 3533 1125 3601 ubi
1148 3549 1277 3618 ponere
1299 3529 1390 3597 istus

440 3650 564 3717 Turtur
586 3654 622 3719 et
644 3652 799 3722 invenit:
823 3655 904 3741 quin
927 3659 1047 3744 terque
1070 3659 1258 3744 quaterque
1283 3653 1398 3734 beuti,

439 3775 465 3840 O
489 3775 576 3843 Deus
598 3795 618 3844 o
640 3780 677 3845 et
699 3780 795 3862 Rex,
827 3782 887 3848 tua
910 3781 1005 3868 queis
1032 3782 1156 3850 altaria
1179 3780 1297 3863 nidus,

353 3897 397 3964 95
442 3899 543 3974 Queis
565 3901 665 3969 datur
686 3897 866 3972 aeternum
888 3909 994 3974 cantu
1016 3907 1078 3974 tibi
1101 3907 1213 3975 dicere
1237 3905 1363 3974 laudes

440 4024 534 4091 Felix
558 4025 632 4109 ille,
662 4028 759 4096 iuvas
779 4047 911 4097 summo
934 4049 1037 4118 quem
1060 4031 1223 4114 numine,
1246 4045 1416 4117 quemque

441 4148 509 4217 llas
530 4151 623 4219 inter
645 4151 794 4221 lacrimis
818 4155 954 4224 virtutis
975 4156 1066 4224 tollis
1088 4156 1133 4225 ad
1155 4156 1285 4224 altum:

439 4275 590 4361 Quippe,
613 4278 721 4361 Deus,
747 4280 836 4347 bona
858 4283 982 4350 cuncta
1005 4281 1116 4366 dabis,
1144 4281 1173 4348 si
1195 4281 1287 4350 iussa
1308 4279 1451 4362 dedisti,
1525 4329 1537 4344 .

438 4399 656 4487 virtutesque
679 4402 809 4470 homini
830 4403 966 4475 intirmo
989 4405 1172 4473 virtutibus
1194 4405 1308 4486 addis,

331 4525 393 4590 100
440 4527 552 4610 Teque
574 4525 636 4610 ipsi
661 4527 780 4598 tribuis
811 4530 993 4598 manifesta
1015 4531 1090 4598 luce
1115 4529 1230 4598 videri.
1341 4605 1347 4615 ,
