3564 5376
710 543 821 594 nmnle
843 543 993 593 TERTIVS

354 675 397 740 nt
419 673 474 759 qui
498 671 652 740 romulea
672 673 846 758 pastorum
877 671 1045 740 maximus
1066 672 1147 740 aula

245 799 311 864 555
356 798 498 879 insidet,
521 799 556 865 el
578 799 650 865 toto
673 799 839 884 dispersos
861 797 941 864 orbe
965 797 1097 883 potenti

353 921 567 992 Christicolas
589 923 678 1006 regit
700 923 859 1010 imperi0,
882 921 1074 990 dulcissima
1094 941 1177 991 cura

355 1049 404 1116 Sil
425 1047 503 1115 tini:
526 1049 691 1116 victorem
713 1048 820 1116 tantis
840 1051 960 1115 averte
982 1048 1136 1134 periclis,

355 1176 567 1261 optataeque
591 1174 657 1242 frui
679 1173 722 1239 da
743 1174 884 1242 tandem
906 1190 1048 1243 munere
1071 1173 1172 1260 pacis

443 1303 496 1370 Sic
517 1301 599 1368 mihi
622 1299 829 1368 carminibus
849 1300 949 1368 libuit
971 1303 1032 1370 lua
1053 1301 1165 1371 dicere
1189 1301 1293 1384 lacta,
1327 1327 1332 1339 *

244 1429 309 1494 560
355 1427 499 1495 Maxime
522 1428 597 1494 Dux
618 1443 795 1512 superum,
819 1427 957 1493 meritas
978 1427 1015 1494 ct
1036 1427 1167 1494 solvere
1190 1426 1323 1496 laudes:

352 1551 514 1620 imberbis
545 1551 574 1618 si
596 1553 631 1618 te
654 1549 751 1616 nobis
772 1568 876 1636 quum
899 1553 1054 1618 curreret
1073 1553 1186 1635 aeus,

356 1677 600 1763 custodemque
629 1676 829 1762 patremque
851 1675 907 1760 pio
928 1678 1099 1744 sectamur
1120 1695 1253 1758 amore;

353 1800 387 1867 Si
408 1800 562 1885 colimus,
586 1799 647 1867 tibi
669 1798 697 1866 si
718 1797 858 1867 delubra
879 1799 1030 1867 dicamus
1052 1803 1088 1868 ct
1109 1819 1204 1884 ares,

354 1927 518 1993 Praesens
539 1925 625 1992 affer
646 1941 762 2010 opem,
786 1925 838 1990 tot
860 1942 1007 2011 namque
1029 1925 1213 2011 affligimur
1234 1928 1329 2011 aegri

243 2053 309 2118 565
351 2050 596 2136 Obruimnrque
619 2049 734 2116 malis:
760 2048 876 2133 magni
898 2051 938 2116 tu
959 2050 1109 2117 numinis
1130 2054 1250 2119 umbra
1348 2091 1353 2100 .

351 2177 516 2258 Protege,
539 2173 619 2240 dum
641 2173 741 2241 terris
764 2172 883 2241 vitales
904 2172 1058 2242 ducimus
1079 2193 1180 2242 auras

351 2301 392 2365 Et
413 2299 543 2383 gelidas
565 2316 655 2365 mors
676 2301 753 2365 atra
775 2316 897 2367 manus
918 2299 998 2366 dum
1020 2300 1132 2368 tendit
1153 2303 1189 2368 et
1211 2301 1338 2370 umbris

351 2423 496 2507 Eruptns
517 2419 638 2506 stygiis
659 2419 765 2488 Satan
788 2419 902 2487 fremit
923 2439 981 2488 ore
1006 2422 1192 2490 tremendo.

352 2549 421 2630 Tu,
445 2547 549 2629 bone,
573 2547 611 2611 tu
633 2544 792 2630 pavidum
815 2546 912 2612 tanto
934 2546 970 2611 in
993 2545 1186 2616 discrimine
1209 2567 1324 2630 serva,

240 2673 306 2738 570
350 2673 577 2770 Ereptumque
601 2668 680 2737 ieris
701 2687 721 2737 e
744 2669 897 2738 faucibus
917 2671 1030 2740 insere
1053 2673 1166 2739 tecum

350 2796 535 2865 Caelicolae
555 2795 667 2877 inter,
691 2797 809 2862 volum
830 2795 1020 2864 immortale
1044 2796 1211 2865 daturum.

350 2925 391 2989 nt
414 2939 501 3008 quae
523 2923 715 2989 moerentes
737 2921 814 2990 Aesi
838 2922 1042 2990 meditamur
1063 2923 1107 2990 ad
1129 2942 1222 3005 oras,

350 3049 437 3114 Nam
459 3046 533 3114 fera
554 3047 645 3114 iussa
666 3049 826 3132 premunt
848 3051 1018 3134 vexatque
1042 3049 1180 3116 immitis
1202 3051 1358 3134 erynnis,

350 3172 478 3239 Tenuia
499 3172 734 3257 quantumvis,
757 3171 918 3256 Michael‚
941 3193 986 3242 ne
1009 3173 1162 3242 carmina
1183 3193 1341 3260 spernas,

239 3299 307 3365 575
350 3297 500 3383 Gargani
523 3297 647 3366 devota
668 3300 748 3367 tuae
771 3317 857 3386 quae
879 3300 1035 3386 ponimus
1055 3319 1147 3368 arae.

967 3428 1070 3494 Anno
1094 3443 1288 3493 nnoocnxrv
