3472 5360
639 547 751 598 urana
774 548 953 600 sncvunvs
1340 533 1402 598 199

193 675 256 738 400
302 673 397 742 Talia
417 674 498 742 dum
522 677 630 762 latur,
653 679 789 746 coetum
812 679 899 747 Deus
921 681 1066 764 occupat
1089 696 1225 747 omnem
1237 697 1246 762 ;

300 801 428 870 insidet
449 803 665 890 omnipotens
687 803 809 888 Amor,
832 807 869 874 et
890 823 992 892 super
1013 805 1157 874 aethera
1179 806 1313 872 mentes
1441 870 1448 886 ,

299 925 452 997 Flamma
466 929 572 1015 rapit:
593 931 776 999 Prohibere
791 949 924 999 sacram
938 931 1095 1017 quisnam
1109 929 1235 999 audeat
1251 928 1402 997 undamt

301 1053 500 1123 Conclamat
521 1057 660 1140 Petrus3
684 1056 815 1125 lustrali
837 1057 931 1124 sonte
954 1055 1074 1124 salutis

301 1177 512 1264 linguntur,
543 1179 676 1250 cnristo
698 1181 881 1268 cunctique
903 1180 1049 1250 fideliter
1072 1180 1227 1248 haerent.

191 1301 256 1368 495
388 1304 456 1372 Vix
479 1307 623 1375 Romam
645 1306 836 1394 ingressus,
868 1324 969 1393 mage
992 1306 1041 1373 nil
1064 1305 1240 1374 Cornelius
1261 1307 1357 1390 optat

302 1424 351 1492 Ex
373 1427 489 1498 animo
510 1427 642 1499 dulcem
666 1448 769 1517 quam
792 1428 996 1516 compellare
1028 1429 1248 1516 magistrum,

303 1552 511 1641 Miraturque
534 1555 616 1642 tuga
637 1573 747 1642 nuper
769 1555 929 1638 cessisse,
953 1553 1119 1622 Pudentis

302 1679 345 1746 nt
366 1677 503 1765 liquisse
525 1679 679 1765 domum,
703 1681 840 1768 quando
864 1679 923 1748 olli
946 1681 1045 1748 muta
1067 1680 1217 1765 potestas

302 1801 344 1870 ut
365 1822 526 1890 superum
548 1806 657 1875 virtus
678 1809 714 1874 et
736 1823 900 1893 praesens
922 1821 1051 1872 numen
1075 1806 1160 1872 lesu.

192 1926 258 1991 500
304 1927 353 1995 Ac
376 1927 456 1997 dnm
478 1947 515 1998 se
536 1932 670 2000 recreat
691 1930 853 2017 dapibus,
882 1928 1081 1998 circumstat
1103 1929 1140 1996 et
1165 1928 1276 1996 omnis

301 2051 436 2122 Corneli
459 2053 578 2124 domus
599 2059 702 2141 atque
726 2055 876 2124 Orientis
898 2053 990 2123 iacta
1012 2052 1180 2140 reposcit,

303 2178 426 2264 Incipit
447 2179 525 2248 ille:
548 2182 672 2251 Petrus
693 2179 837 2266 Solymis
859 2180 939 2248 dum
963 2197 1100 2248 carcere
1126 2180 1213 2246 tetro

303 2302 494 2388 Clauditur,
516 2308 553 2373 et
574 2306 672 2375 miles
693 2309 785 2374 astat
807 2308 980 2392 noctuque
1001 2303 1147 2391 diuque,

301 2425 510 2498 Christiadae
533 2449 676 2500 exorare
699 2432 806 2498 Deum
827 2432 931 2517 atque
954 2429 1130 2499 edimdere
1155 2426 1261 2496 fletus,

195 2551 260 2616 505
303 2552 389 2622 Ecce
412 2557 594 2643 improviso
614 2558 739 2626 sternit
761 2559 841 2626 dum
864 2575 1005 2644 corpora
1027 2574 1168 2636 somno,

303 2681 454 2750 Nuncius
475 2683 555 2751 Ales
574 2685 692 2768 adest,
715 2687 752 2752 et
773 2685 904 2752 lumine
927 2683 1076 2753 claustra
1099 2681 1295 2767 refulgent3

303 2806 426 2876 Vincla
447 2809 575 2878 eadunt
598 2811 755 2879 manibus
776 2812 901 2892 Petr03
923 2809 1129 2896 pedibusque
1152 2806 1282 2875 solutus

304 2929 403 2999 Liber
423 2933 510 3017 abit,
533 2951 650 3020 regem
674 2935 711 3001 et
732 2933 899 3002 liventem
922 2933 1008 3001 fallit
1031 2933 1158 3000 ludam.

303 3056 385 3132 Quis
406 3075 514 3143 pavor
535 3063 589 3127 ast
610 3058 707 3126 illum
728 3059 850 3128 suadet
879 3076 971 3126 nune
996 3059 1131 3126 vertere
1154 3059 1273 3142 targa,

196 3181 260 3246 510
304 3181 365 3248 Cui
388 3201 521 3270 quoque
542 3202 634 3252 mors
666 3187 765 3271 paret
794 3185 987 3252 morborum
1011 3184 1048 3250 et
1070 3181 1196 3268 pallida
1219 3179 1341 3248 turbat

305 3305 398 3374 Vivit
420 3307 530 3376 adhuc
553 3327 693 3396 operum
716 3309 834 3392 testis,
859 3309 917 3396 qui
939 3326 1040 3377 crura
1062 3307 1230 3395 pedesque

304 3433 481 3502 Attractus
502 3435 671 3521 rectisque
693 3436 802 3521 impos
823 3434 1008 3502 consistere
1036 3433 1183 3520 plantis,

304 3555 426 3626 Suetus
446 3560 524 3628 orat
546 3558 665 3646 templi
686 3559 865 3646 Speciosae
888 3558 1037 3627 assidere
1067 3561 1208 3644 portae:
1249 3545 1252 3552 ’

306 3681 454 3768 Arrepta
476 3682 567 3752 hunc
589 3683 706 3751 Simon
727 3682 849 3751 dextra
873 3683 984 3766 levat3
1007 3681 1064 3749 ille
1087 3684 1231 3768 repente

195 3805 259 3870 515
305 3804 420 3892 Surgit
441 3807 478 3874 el
500 3806 538 3874 in
559 3824 692 3874 sacram
715 3805 862 3874 exiliens
883 3805 970 3874 citus
997 3805 1123 3874 emicat
1144 3805 1275 3873 aedem.

306 3932 377 3999 Iam
402 3931 495 3998 Petri
517 3932 681 4000 virtutem
703 3930 857 3999 Ananias
878 3929 985 3999 sensu
1007 3933 1044 3999 et
1066 3946 1172 4012 uxor,

305 4056 584 4142 Quandoquidem
607 4055 743 4124 limesia
767 4053 870 4124 nimis
893 4072 983 4123 mors
1004 4054 1145 4124 abstulit
1167 4053 1304 4135 ambos,

305 4179 509 4266 Coniugium
531 4180 671 4249 infelix!
697 4181 809 4248 verbis
832 4180 1009 4250 fallacibus
1029 4179 1104 4266 agri

306 4305 414 4382 Quum
439 4305 599 4374 fraudant
621 4305 779 4392 pretium.
803 4304 975 4390 Numquid
1002 4303 1161 4391 spirabile
1186 4303 1322 4372 Numen

196 4429 261 4497 520
307 4428 438 4497 Fallitis
459 4429 552 4497 heui
582 4429 688 4512 dixit;
717 4432 790 4498 tum
816 4430 972 4515 protinus
993 4427 1165 4499 externati

307 4555 545 4638 Procubucre‚
569 4554 638 4622 cita
661 4557 743 4622 tacti
767 4571 831 4622 ceu
855 4553 1006 4622 tulminis
1028 4554 1087 4622 ira.
