3560 5368
348 503 413 572 210
856 519 1053 572 enrnuruos

456 645 544 712 Nam
568 644 749 713 Mediolani
774 646 912 713 tandem
935 642 1068 712 cervice
1091 644 1227 714 revulsa

453 767 531 836 Alta
555 771 677 836 tenent
700 769 808 854 caeli,
832 768 953 856 palmis
977 768 1172 837 victricibus
1192 770 1295 837 aucti.

452 896 537 960 Tum
559 892 682 962 Christi
706 879 854 962 atlhetae
877 912 992 968 rerum
1014 893 1170 962 miranda
1192 899 1402 982 sequuntur:

456 1016 629 1102 Reliquias
650 1017 756 1086 oculis
778 1035 899 1086 caecus
924 1017 980 1086 vix
1002 1016 1182 1100 admovet,
1207 1017 1299 1086 alma

369 1143 412 1207 75
456 1139 567 1208 Gestit
587 1139 661 1206 luce
686 1138 773 1223 frui3
798 1139 905 1208 sraoto
927 1139 985 1225 qui
1008 1157 1107 1207 crure
1130 1139 1285 1224 iacebat,

458 1264 561 1331 Exilii
582 1280 628 1330 en
650 1263 761 1332 subito
782 1282 904 1332 sanus:
929 1263 1098 1350 mutisque
1121 1267 1303 1350 patescunt

458 1391 566 1456 Aures
591 1386 764 1470 occlusae,
789 1391 892 1474 atque
916 1387 1056 1456 heroum
1080 1387 1172 1456 iacta
1193 1388 1387 1477 loquuntur.

549 1512 602 1581 Sic
624 1511 708 1581 flens
729 1511 807 1580 ille:
831 1513 945 1600 piique
968 1511 1032 1580 viri
1054 1515 1263 1600 sanctaeque
1286 1515 1419 1601 puellae

460 1643 501 1707 ut
522 1643 671 1708 matrum
693 1638 818 1708 devota
840 1657 961 1707 manus
984 1639 1174 1724 mirantur,
1197 1643 1233 1708 et
1256 1641 1336 1711 inde

373 1767 416 1832 80
460 1764 622 1834 Omnibus
644 1766 733 1834 idom
755 1765 891 1835 animus
912 1769 994 1852 quot
1017 1768 1098 1834 sunt
1121 1765 1335 1836 incommodo
1358 1769 1472 1852 vitae,

462 1891 550 1967 Quot
573 1889 682 1973 mala,
706 1893 788 1978 quot
808 1891 911 1959 duros
932 1890 1032 1959 terris
1053 1889 1205 1976 perferre
1228 1889 1381 1961 dolores:

461 2017 506 2082 st
526 2015 659 2084 Christo
680 2003 818 2083 servaro
839 2015 961 2098 fldem,
985 2033 1122 2084 servare
1145 2032 1354 2100 perennem,

460 2142 548 2220 Quin
569 2144 673 2211 etiam
695 2141 800 2210 effinse
825 2141 943 2210 testari
965 2141 1134 2228 sanguine
1158 2159 1285 2210 verum.

460 2265 669 2334 christianae
691 2283 833 2334 numero
855 2264 1051 2352 meritisque
1074 2263 1139 2331 hoo
1160 2265 1291 2332 semine
1313 2269 1479 2334 crescent.

374 2392 417 2456 85
459 2389 512 2458 Sic
535 2391 717 2476 apenninis
738 2409 759 2459 e
780 2389 934 2456 cautibus
956 2389 1054 2458 exilit
1076 2389 1206 2468 omnis,

463 2514 633 2600 Principio
655 2505 818 2599 exiguus,
842 2513 991 2595 Tiberis,
1016 2532 1219 2600 camposque
1241 2531 1423 2600 pererrans

461 2639 594 2726 Excipit
616 2642 653 2708 ot
675 2639 831 2707 Fabarim
854 2641 890 2708 et
912 2641 1096 2725 praerupta
1118 2657 1201 2724 rupe
1225 2639 1407 2724 Velinum,

463 2764 572 2834 Altius
592 2766 725 2851 ingenti
746 2764 795 2833 sic
817 2782 988 2833 murmure
1011 2767 1320 2853 praecipitantem,

463 2892 506 2958 ut
527 2893 652 2959 Narem
672 2893 776 2977 atque
799 2890 930 2958 clanim
953 2892 1056 2976 atque
1080 2891 1258 2975 Anienen,
1283 2895 1399 2961 monto
1421 2892 1542 2960 Catillo

377 3017 421 3082 90
465 3017 527 3092 Qui
552 3017 637 3084 iosso
660 3016 869 3102 procumbit3
892 3016 990 3102 aquis
1012 3016 1060 3082 sic
1082 3016 1232 3101 pluribus
1253 2999 1374 3086 auctus

467 3143 511 3208 Ut
534 3161 594 3210 rex
616 3141 795 3209 fluviorum
817 3143 971 3228 reginam
995 3139 1160 3210 interfluit
1182 3145 1311 3212 urbem.

555 3269 692 3334 Interea
714 3267 861 3336 Satanae
883 3266 1057 3334 coniector
1079 3267 1170 3336 iussa
1192 3269 1338 3354 capessit

469 3393 718 3478 Absentemque
742 3393 835 3460 ratus
857 3392 1013 3474 Petrum,
1037 3391 1202 3479 promissa
1226 3395 1350 3463 Neroni

467 3491 569 3586 Certe
590 3516 714 3599 dabat,
738 3515 823 3583 miro
845 3515 1009 3602 liquidum
1033 3517 1221 3602 perinane
1244 3518 1360 3587 volatu

381 3645 424 3710 05
467 3643 508 3710 Se
532 3643 604 3710 iore
625 3642 664 3708 ut
685 3641 832 3726 abripiat
854 3641 957 3708 terris
986 3641 1147 3727 caeloque
1171 3642 1306 3712 residat.

469 3768 653 3855 Impatiens
675 3786 736 3836 rex
758 3769 858 3836 tanta
880 3769 974 3854 cupit
995 3768 1064 3836 iam
1087 3771 1239 3838 monstra
1261 3770 1358 3837 tueri.

557 3896 687 3996 Petrus¹
700 3892 756 3960 ubi
778 3893 876 3960 novit
898 3893 1033 3961 brevius
1055 3893 1118 3961 sibi
1141 3897 1275 3980 tempus
1298 3895 1435 3980 adesse,

472 4021 735 4106 Extremumque
759 4017 886 4088 instare
908 4019 1014 4102 diem,
1037 4037 1141 4105 quum
1164 4023 1302 4107 pectore
1324 4025 1439 4090 verset
1553 4094 1559 4102 ,

472 4140 691 4229 Magnanimo
713 4159 829 4210 curam
851 4143 1008 4228 generis,
1032 4145 1121 4231 quod
1143 4146 1312 4214 maximrm
1332 4147 1421 4214 orbis

364 4269 425 4334 100
469 4267 645 4348 Continet,
670 4265 771 4334 unius
793 4269 897 4334 Pater
918 4270 955 4335 et
975 4267 1020 4334 sit
1043 4270 1163 4336 Pastor
1184 4269 1299 4350 ovilis;

474 4395 599 4460 Rursus
621 4391 813 4478 epistolium
835 4392 973 4478 populos
994 4393 1153 4462 mittebat
1173 4396 1217 4462 ad
1240 4413 1377 4473 omnes,

471 4521 514 4586 Ut
535 4519 622 4586 soret
644 4537 749 4604 usque
770 4519 821 4586 sui
846 4519 941 4586 testis
962 4537 1137 4606 supremus
1158 4520 1292 4589 amoris
