3560 5368
700 535 812 586 urana
835 533 1015 586 sncvunvs
1111 511 1112 514 ’

361 665 501 733 Testilis
522 667 559 732 et
580 664 642 732 lini
666 665 796 733 Rachel
817 663 955 732 exculta
987 679 1049 748 per
1070 662 1202 730 artem:

362 787 506 855 Simonis
527 785 685 856 coierunt
706 789 853 855 iussum:
885 787 976 855 bona
997 785 1104 870 Virgo
1126 782 1314 870 propinquo

254 913 320 980 360
365 913 479 997 Nupta
502 911 591 980 loret
611 913 728 981 iuveni
751 913 844 981 claro
866 913 908 981 de
930 911 1086 996 germine
1110 909 1235 991 Iudae,

365 1037 408 1104 Ut
430 1055 503 1104 mos
525 1036 767 1121 Abramidum,
795 1038 929 1108 steriles
951 1055 1031 1106 nam
1054 1033 1192 1122 Legiler
1213 1030 1292 1100 odit.

364 1161 586 1243 Parmenidi,
618 1165 797 1250 postquam
819 1164 893 1232 vita
915 1179 1047 1232 cessere
1070 1163 1251 1247 parentes,

365 1289 452 1356 Nam
475 1287 590 1356 Simon
613 1287 715 1357 datur
736 1292 773 1357 et
794 1291 907 1358 custos
929 1291 966 1358 et
988 1289 1081 1356 tutor
1102 1289 1142 1354 ut
1162 1284 1253 1354 esset

366 1413 448 1480 'l'am
472 1412 543 1480 cari
565 1413 708 1499 capitis:
735 1415 907 1483 submimis
927 1413 1081 1484 sensibus
1102 1414 1210 1480 Herus

253 1537 320 1602 365
364 1536 448 1603 Vult
468 1539 625 1624 prompto
647 1557 769 1624 parere
799 1539 957 1625 senisque
981 1538 1149 1606 facessere
1171 1535 1273 1603 diota.

366 1663 500 1730 Innuba
521 1663 672 1732 laetatur
694 1666 820 1750 pubes,
843 1683 932 1751 quae
955 1663 1038 1732 talia
1059 1663 1190 1749 profert

366 1783 494 1856 Nuntia
515 1789 737 1871 Parthenidi3
768 1793 887 1859 umen
910 1790 995 1858 haec
1018 1790 1196 1872 turbatur,
1218 1787 1255 1855 et
1276 1785 1345 1851 imo

367 1911 475 1980 Corde
496 1912 594 1980 sedet
616 1931 718 1982 carae
740 1916 830 2000 quod
852 1913 1061 1999 virginitatis
1083 1928 1199 1980 amore

367 2037 489 2106 Flante
513 2039 582 2106 Deo
605 2041 722 2106 votum
744 2040 860 2124 vovit3
884 2042 957 2108 tum
980 2042 1080 2108 rebus
1102 2038 1138 2104 in
1161 2034 1265 2104 arctis

257 2163 325 2228 370
369 2164 469 2248 Orat,
493 2166 675 2232 scrutatur.
700 2167 779 2233 Mox
800 2167 992 2251 opportuna
1013 2163 1148 2251 petenti

368 2289 491 2357 Obiicit
513 2289 621 2358 Isaias
641 2290 760 2359 divina
781 2291 956 2359 volumina
979 2291 1097 2370 vates,

367 2415 432 2490 oui
453 2416 568 2483 enit:
591 2415 738 2483 nactus
759 2415 852 2483 inter
873 2415 999 2485 dilecta
1020 2397 1172 2501 putus

370 2536 476 2623 Virgo
497 2541 535 2605 et
558 2507 670 2606 mater
693 2539 780 2606 erit:
795 2527 890 2607 ‘caeli
914 2538 1070 2606 mirabile
1092 2537 1239 2604 donum!

367 2635 543 2749 Concipiet
565 2664 761 2750 pariatque;
784 2663 964 2732 vocabitur
986 2663 1239 2750 omnipotentis

257 2789 324 2854 375
369 2788 490 2872 Filius,
514 2789 736 2858 Emmanuel:
758 2790 946 2876 generique
969 2789 1092 2858 datura
1112 2789 1266 2857 salutem.

369 2913 454 2990 Quid
475 2915 635 3000 quaerisl
669 2917 768 2984 vates
790 2915 936 2998 cecinit,
961 2916 1050 2983 bona
1073 2914 1256 2996 Partheni,
1279 2913 1321 2992 de
1343 2915 1388 2979 te.

458 3039 553 3116 Quod
574 3040 682 3126 Virgo
716 3043 868 3127 nuptura
891 3042 979 3110 foret
1001 3059 1106 3127 prope
1128 3041 1225 3108 venit
1247 3038 1291 3106 ad
1313 3055 1412 3105 aures

371 3165 563 3249 Elisabeth,
586 3167 706 3252 patriis
728 3168 825 3255 degit
847 3187 934 3255 quae
959 3169 1129 3236 montibus
1151 3166 1310 3249 Hebron,

373 3291 480 3359 Laeta
500 3292 693 3361 senescenti
715 3294 847 3380 gremio
869 3296 906 3362 ot
927 3312 1020 3363 nova
1041 3294 1194 3380 pondera
1217 3292 1329 3376 gestat

263 3415 329 3482 380
373 3417 553 3502 Prodigio,
576 3419 613 3485 et
635 3418 835 3486 veneranda
858 3418 919 3486 Dei
940 3421 1002 3486 sub
1024 3420 1162 3504 pectore
1185 3416 1313 3485 volvit:

372 3541 449 3626 Ipsa
470 3543 611 3626 umen,
638 3543 693 3611 cui
716 3543 769 3611 vir
791 3561 909 3629 passus
929 3543 1000 3611 iam
1022 3542 1148 3610 damna
1170 3540 1325 3627 loquelae

375 3665 486 3752 Usque
507 3666 618 3750 subit,
642 3667 844 3754 quandoque
867 3668 1020 3736 animum
1044 3666 1202 3735 turbatur
1222 3682 1350 3733 amare.

375 3789 461 3858 Ecce
484 3789 561 3872 olli,
585 3790 693 3858 dulcis
714 3791 824 3860 somni
846 3809 909 3860 ceu
932 3792 1038 3861 semet
1059 3791 1194 3875 imago,

374 3913 474 3981 Visus
495 3914 618 3998 homo,
641 3935 726 3984 nona
748 3915 846 4002 pellis
866 3918 1040 3985 succintus
1061 3919 1100 3984 et
1120 3915 1220 3984 haedi

264 4039 331 4104 385
374 4039 531 4125 Hispidus
552 4040 590 4108 in
611 4040 742 4128 spoliis,
766 4059 854 4109 cano
875 4042 930 4109 cui
953 4041 1099 4127 plurima
1122 4044 1238 4110 mento

375 4165 485 4233 Barba
506 4166 618 4248 cadit,
642 4164 782 4251 pedibus
805 4166 904 4234 nudis
927 4167 1091 4252 vultuque
1114 4166 1246 4233 decoro.

370 4285 536 4355 Extimuit
559 4287 634 4356 visu
656 4287 799 4370 mulier;
821 4289 881 4356 sed
904 4289 1058 4374 protinus
1079 4287 1157 4381 ille,

375 4410 431 4476 Nil
453 4412 506 4478 est
527 4428 589 4478 cur
611 4427 757 4496 paveas,
780 4409 913 4496 inquit;
936 4412 994 4478 vix
1017 4411 1101 4479 lucis
1121 4410 1160 4477 in
1182 4426 1284 4477 auras

375 4535 484 4611 Quem
505 4536 597 4623 geris
618 4535 675 4603 ille
699 4553 784 4621 puer
807 4537 943 4616 veniet,
978 4535 1139 4604 reddetur
1167 4537 1329 4621 adempta
