3472 5360
625 559 737 612 Lunna
762 559 942 612 SECVNDVS

284 691 438 778 Pergite:
463 707 528 758 nec
551 689 654 757 Iudae
678 691 813 759 Numen
837 687 974 757 iactatis
996 687 1117 755 inane:

282 814 453 901 Numquid
476 833 536 882 vos
559 813 717 881 manibus
738 812 864 899 poterit
886 811 1073 880 subducere
1099 811 1250 880 nostrisa

283 941 336 1007 Sic
360 940 438 1009 ille:
461 943 498 1007 at
520 939 638 1008 Misael
662 956 749 1006 unus
771 957 832 1025 pro
856 937 1018 1006 iratribus
1041 936 1176 1024 inquit:

178 1066 242 1131 105
286 1066 475 1134 Incolumes
497 1083 560 1134 nos
581 1083 678 1152 posse
701 1066 808 1132 Deum
830 1065 885 1134 vel
909 1066 947 1132 in
969 1065 1051 1150 igne
1075 1063 1183 1147 tueri,

288 1191 315 1258 0
339 1209 420 1273 rex,
444 1209 489 1258 ne
511 1191 650 1259 dubita:
674 1190 726 1258 sin
750 1208 831 1259 vero
853 1191 998 1258 adversa
1020 1189 1178 1258 voluntas
1274 1209 1282 1228 ·

286 1313 449 1398 Affnerit,
474 1314 704 1400 praedamque
725 1312 817 1380 sinet
840 1331 903 1381 nos
926 1313 1062 1398 ignibus
1085 1313 1156 1394 uri;

289 1439 399 1505 Unum
422 1439 507 1506 scito
531 1441 656 1521 Deum,
679 1439 861 1508 simulacra
884 1436 974 1506 baud
997 1437 1069 1506 ulla
1089 1437 1202 1505 vereri

287 1565 374 1646 Nos,
398 1564 527 1649 patrias
549 1565 644 1650 leges
665 1564 932 1650 venerandaque
956 1563 1031 1631 iura
1055 1563 1253 1649 priusquam

177 1690 240 1755 110
288 1689 514 1775 Linquamus,
538 1692 685 1758 mortem
705 1689 850 1759 flammis
872 1692 908 1757 et
930 1689 1023 1758 obire
1047 1692 1194 1775 paratos

375 1798 593 1884 aestuans
614 1815 712 1884 dictis
735 1815 860 1884 ibriato
883 1815 982 1884 corde
1006 1817 1196 1900 tyrannus:

286 1944 435 2028 Imperat
456 1942 612 2010 actutum
634 1941 739 2028 largis
762 1940 955 2009 fornacibus
976 1940 1068 2026 ignis

285 2070 476 2151 Increscat;
498 2072 653 2154 stupam,
676 2070 851 2136 sarmenta
873 2067 1052 2154 picemque
1075 2065 1293 2144 ministrant;

288 2193 401 2279 Atque
422 2194 499 2263 oleo
521 2211 653 2280 prunae
676 2195 864 2281 pinguique
888 2194 1054 2263 bitumine
1077 2193 1167 2260 vires

181 2318 243 2384 115
286 2319 509 2405 concipiunt,
533 2319 772 2406 crepitantque
793 2320 874 2388 altis
897 2319 1057 2389 incendia
1081 2317 1233 2386 flammis.

288 2444 464 2530 Diriguere
486 2463 626 2514 omnes:
649 2445 763 2513 densis
784 2445 813 2512 it
835 2445 948 2513 fumus
968 2444 1013 2513 ad
1035 2461 1137 2512 auras

286 2571 501 2653 Vorticibus,
523 2571 696 2658 solemque
719 2571 935 2656 nigrantibus
957 2571 1089 2656 obtegit
1111 2569 1247 2639 umbris

290 2698 358 2764 Nec
382 2715 497 2779 mora,
521 2715 583 2764 rex
606 2698 728 2783 urget,
751 2697 848 2784 pueri
874 2698 1052 2784 bracisque
1075 2696 1237 2782 tiarisque

290 2823 426 2906 induti,
450 2822 624 2909 vinctique
646 2821 770 2891 ardens
792 2822 963 2891 iaciuntur
985 2822 1022 2889 in
1045 2840 1182 2908 aequor.

185 2949 244 3015 120
288 2949 448 3016 Protinus
469 2949 507 3016 at
529 2951 650 3016 contra
673 2947 854 3017 chaldaeos
877 2946 1014 3016 flamma
1036 2948 1207 3016 ministros

217 3139 225 3148 .
290 3075 456 3142 Devorat:
479 3073 622 3142 insanae
646 3077 745 3142 tanta
766 3077 820 3144 est
840 3073 1008 3142 violentia
1029 3073 1207 3142 flammae!

290 3201 376 3268 Ecce
399 3202 515 3268 autem
538 3199 696 3267 obiicitur
718 3203 929 3285 monstrum,
952 3199 1121 3268 delabitur
1143 3198 1244 3267 astris

292 3325 488 3411 praesignis
509 3324 596 3393 facie
619 3324 754 3394 iuvenis
776 3326 959 3411 tunicaque
982 3325 1088 3392 nivali

290 3448 480 3531 Candidus,
503 3447 759 3536 ingrediturque
784 3467 906 3534 rogum
927 3467 1086 3532 securus,
1110 3452 1145 3517 et
1167 3448 1242 3516 alas
1354 3525 1358 3536 ι

188 3576 247 3642 125
282 3575 431 3642 ¹Leniter
452 3573 653 3658 exagitans,
676 3572 828 3642 crudeles
850 3575 1022 3660 temperat
1042 3576 1166 3642 aestus

291 3703 376 3768 Tum
399 3701 495 3788 pueri
517 3700 674 3768 innocuis
698 3700 810 3787 figunt
833 3700 978 3785 vestigia
999 3701 1139 3787 prunis,

293 3827 479 3912 Incedunt,
503 3829 711 3913 capiuntque
736 3843 856 3909 auras,
881 3827 977 3913 quasi
1000 3825 1161 3896 flantibus
1183 3827 1294 3908 euris,

293 3955 336 4021 ut
358 3953 486 4022 laetum
509 3971 644 4039 paeana
666 3954 818 4038 canunt,
842 3970 908 4039 quo
931 3952 1067 4022 dulcius·
1082 3957 1187 4041 atque

293 4079 403 4148 Altius
424 4081 513 4148 baud
537 4097 686 4167 unquam
710 4079 894 4167 quidquam
917 4081 1130 4167 percepimus
1151 4097 1243 4147 aure.

190 4207 250 4274 130
293 4207 452 4275 Sensibus
473 4211 510 4275 11
532 4207 683 4275 numeris
704 4207 856 4294 rapimur
878 4206 1082 4274 caelestibus
1103 4205 1243 4290 hymni,

293 4333 410 4401 Dicere
434 4351 535 4419 quem
558 4332 643 4400 nulli
667 4333 718 4401 fas
740 4335 812 4401 est:
836 4349 917 4400 uam
940 4331 1073 4401 solvere
1095 4331 1212 4398 laudes

293 4461 424 4529 Cuncta
445 4459 515 4527 Deo
537 4460 687 4528 invitant
708 4476 795 4546 quae
818 4461 899 4526 sunt
920 4457 1083 4525 animalia
1105 4457 1224 4538 terris,

295 4583 457 4670 Quaeque
479 4585 662 4652 moventur
685 4583 801 4670 aquis,
826 4580 912 4650 caeli
935 4597 1022 4666 qnae
1046 4579 1161 4647 nubila
1184 4582 1347 4662 tranant,
