3576 5376
334 571 398 636 402
880 590 995 641 vanua

441 715 591 799 Exposco
614 713 757 795 frustra,
781 731 945 801 sacroque
966 717 1115 800 negatur
1135 716 1273 784 adesse:

354 839 397 903 55
441 837 493 906 Sic
516 855 651 923 praeses
679 838 781 906 iubet.
805 839 918 923 Aegro
941 839 1055 907 animo
1078 839 1129 908 ius
1150 839 1258 908 fertur
1280 839 1455 925 iniquum:

443 963 532 1030 Dura
553 963 612 1031 olli
636 962 739 1032 iacies
761 965 798 1031 et
819 966 938 1049 pectus
959 962 1076 1032 durius
1098 962 1165 1031 olli.

442 1087 514 1156 Nec
535 1087 636 1156 datur
657 1087 816 1172 exiguam
838 1086 992 1155 conclavi
1015 1088 1110 1156 exire
1132 1106 1193 1176 per
1216 1087 1355 1169 boram,

443 1213 536 1281 Neve
558 1211 623 1280 frui
646 1211 741 1281 caelo
763 1215 799 1282 et
820 1211 937 1298 patula
958 1213 1139 1299 spatiarier
1160 1231 1254 1282 aura

534 1336 669 1405 Talibus
690 1338 854 1406 Anconae
876 1355 1028 1424 premor:
1051 1341 1135 1406 urbe
1156 1340 1195 1406 at
1215 1355 1333 1424 possus
1354 1337 1474 1406 eadem

358 1461 401 1527 60
445 1462 514 1544 Tu,
537 1460 679 1544 Frater,
701 1461 883 1548 graviora;
906 1461 962 1531 die
983 1460 1044 1530 tibi
1067 1461 1157 1529 lilius
1178 1477 1248 1530 una

445 1585 646 1662 Quadrimus
667 1586 818 1671 rapitur,
842 1603 923 1654 casu
945 1589 1164 1672 consumptus
1184 1584 1308 1654 acerbo
1332 1582 1380 1650 (4).

443 1710 536 1778 Heu!
561 1709 687 1779 mellite
709 1728 813 1796 puer,
835 1710 937 1778 nimis
959 1711 1045 1779 beu!
1070 1709 1285 1778 lacrimabilis
1306 1726 1401 1778 error

442 1834 611 1922 Compulit
631 1835 790 1920 ignarum
811 1834 922 1903 subito
944 1837 1162 1904 succumbere
1185 1835 1265 1902 leto.

446 1960 496 2026 'l'u
518 1961 635 2026 tamen
655 1958 747 2025 baud
768 1957 903 2041 doleas,
926 1957 1067 2042 Frater3
1092 1976 1188 2028 mens
1210 1958 1325 2026 nescia
1348 1957 1433 2026 labis

360 2085 402 2150 65
445 2085 488 2150 Et
510 2083 589 2151 nive
611 2082 786 2150 candidior
806 2099 945 2169 superos
966 2082 1070 2151 micat
1092 2083 1183 2152 inter
1204 2083 1360 2151 alumnos

449 2208 656 2290 Aeternum,
679 2209 905 2295 patruumque
928 2211 1129 2295 patremque
1152 2210 1267 2276 tuetur
1287 2209 1474 2276 amantem.

535 2332 586 2401 Ne
609 2350 686 2400 mea
708 2350 800 2416 sors,
823 2334 1011 2416 Germane,
1034 2331 1169 2419 quidem
1191 2331 1237 2400 sit
1258 2348 1361 2399 causa
1376 2329 1518 2410 doloris;

449 2457 559 2526 Macte
582 2457 709 2541 animi,
733 2475 797 2526 nec
819 2457 912 2526 enim
935 2459 1036 2543 capto
1057 2456 1224 2525 solamina
1246 2458 1378 2526 desunt

449 2581 547 2650 Tristi
570 2581 719 2651 lenimen
742 2584 822 2650 sunt
844 2599 942 2649 sacra
963 2581 1138 2650 volumina
1160 2581 1252 2650 cordi
1277 2579 1336 2665 (⁵),
1507 2665 1510 2678 Ι

362 2707 403 2772 70
449 2705 542 2782 Quae
565 2707 652 2773 Deus
675 2704 745 2790 ipse
769 2704 881 2789 dedit,
904 2723 993 2791 quae
1014 2704 1146 2789 dulcia,
1169 2703 1324 2772 fluctibus
1345 2705 1442 2772 actus

450 2829 661 2917 Immanique
683 2831 763 2916 iugo
785 2849 941 2916 pressus,
965 2831 1191 2899 Macbabaeus
1212 2829 1371 2898 babebat.

449 2957 492 3024 Et
513 2959 620 3024 bonus
642 2958 694 3024 est
715 2955 856 3024 Sanctes
880 2955 1046 3044 laterique
1069 2957 1214 3025 fideliter
1236 2955 1378 3039 haeret,

450 3082 566 3150 Allicit
588 3085 624 3150 et
646 3082 732 3150 comi
755 3081 921 3168 alloquio,
944 3082 1073 3151 solatur
1094 3086 1131 3150 et
1152 3099 1315 3167 aegrum:

450 3205 532 3274 Risu
552 3206 654 3274 solvit
675 3206 794 3293 inepte
816 3206 957 3292 loquens
980 3206 1183 3275 Vincentius
1204 3225 1265 3274 ora
1290 3202 1337 3272 (⁶).

363 3332 406 3398 75
450 3331 482 3398 Si
505 3331 646 3416 loseph,
670 3348 736 3416 quo
757 3348 828 3398 non
851 3333 904 3398 ost
924 3330 1160 3399 observantior
1181 3330 1291 3413 alter,

450 3455 647 3524 Carceribus
668 3455 793 3523 nostris
814 3454 905 3523 haud
928 3455 1116 3538 clauditur,
1140 3457 1295 3524 attamen
1318 3453 1395 3522 ullis

332 3603 342 3622 ·
452 3583 527 3649 Non
549 3580 645 3648 deest
666 3579 804 3660 officiis,
827 3580 909 3666 quin
932 3580 1035 3649 immo
1058 3580 1237 3667 providus,
1259 3579 1384 3648 ardens

451 3704 619 3788 cursitat,
642 3704 846 3792 alloquitur,
869 3706 961 3774 vitae
985 3723 1063 3774 mea
1086 3704 1179 3773 sacta
1200 3707 1380 3788 recenset,

454 3829 620 3898 iudicibus
642 3830 735 3898 nullo
758 3833 928 3900 monstrat
949 3849 1004 3900 me
1027 3830 1170 3899 crimine
1193 3829 1338 3898 foedum.

367 3956 410 4021 80
453 3955 547 4024 Lecti
567 3972 669 4042 saepe
691 3954 756 4022 viri
779 3957 964 4043 properant
984 3954 1132 4023 invisere
1155 3960 1292 4041 captum
1318 3953 1377 4039 (⁷),

454 4081 543 4156 Qnos
565 4081 656 4149 inter
677 4099 776 4149 carus
797 4083 923 4150 dudum
947 4081 1150 4150 iuvenilibus
1172 4081 1274 4149 annis

452 4206 495 4271 st
516 4203 718 4274 Benedictus
739 4205 856 4288 adest,
881 4223 982 4292 quem
1004 4224 1153 4294 purpura
1176 4207 1213 4275 et
1233 4204 1342 4274 insula
1365 4205 1447 4275 fecit

454 4328 556 4397 Sacra
577 4347 695 4415 parem
725 4331 917 4416 veterisque
940 4330 1122 4399 obstrinxit
1144 4330 1260 4400 foedus
1281 4330 1406 4402 amoris
1431 4327 1489 4396 (δὴ

454 4453 539 4528 Quid
562 4471 746 4522 memorem
770 4454 975 4524 benefactor
998 4455 1081 4522 mibi
1103 4473 1237 4543 quoque
1261 4453 1389 4524 fercula
1412 4453 1517 4523 mittit

367 4575 411 4642 85
455 4579 528 4662 lpse
550 4596 612 4647 sna
634 4582 670 4648 et
691 4579 809 4647 viuum
832 4581 910 4650 lene
933 4584 969 4648 et
992 4581 1134 4650 bellaria
1157 4581 1273 4651 multa.
