3472 5360
693 537 804 590 Lissa
827 537 977 590 TERTIVS

341 659 464 730 Polluti
486 661 585 746 iuges
606 659 724 754 templi
747 658 906 728 delentur
929 661 1098 746 honores,

341 787 440 854 Festa
461 786 595 867 tacent,
629 783 818 871 avidaeque
841 785 978 870 argenti
1002 784 1132 870 pondus
1155 789 1190 852 et
1211 785 1285 852 auri

342 909 524 997 abripiunt
545 908 705 991 dextrae,
736 907 921 977 mulctatur
945 888 1053 977 morte
1075 908 1241 978 sacerdos

340 1033 401 1104 Ille
424 1033 522 1117 tirrit,
546 1032 628 1101 diris
648 1036 833 1119 prognatos
852 1035 988 1120 torquet
1010 1033 1109 1102 Iacob

230 1163 296 1229 490
341 1159 517 1247 Suppliciis
539 1159 777 1245 Solymamque
800 1157 949 1227 infandis
970 1158 1120 1227 cladibus
1141 1159 1283 1246 implet,

342 1288 385 1355 ut
407 1285 534 1372 patrias
556 1285 651 1372 leges
673 1285 937 1372 venerandaque
959 1284 1035 1352 iura
1056 1285 1247 1373 relinquat,

341 1411 436 1486 Quae
458 1409 568 1478 Moses
589 1408 683 1480 dedit
705 1407 917 1477 Abramidis:
941 1407 1031 1476 haud
1054 1409 1204 1495 parcitur
1226 1409 1303 1493 ulli,

340 1537 383 1604 Et
403 1535 518 1604 senior
539 1533 632 1603 cadit
652 1537 689 1603 et
711 1533 845 1604 iuvenis
866 1537 1061 1620 matresque
1082 1534 1291 1622 puellaeque.

428 1663 474 1730 At
495 1661 655 1747 graviore
677 1661 773 1729 ierox
795 1659 974 1746 lymphata
995 1662 1111 1728 mente
1135 1661 1268 1730 volutat

232 1791 297 1856 495
340 1787 486 1856 Gordia
506 1769 545 1854 in
567 1787 704 1854 sanctos
727 1785 829 1853 Iudae
840 1803 850 1868 ;
884 1783 943 1852 sed
966 1802 1092 1870 magna
1115 1784 1283 1862 Quiritum

337 1915 402 1983 νίε
422 1913 518 1981 illum
541 1911 660 1996 lugere
681 1911 843 1998 impellit,
867 1910 1068 1998 fugiensque
1092 1912 1239 1981 furorem

343 2037 552 2105 Immeritam
574 2035 611 2102 in
634 2035 764 2122 prolem
783 2053 902 2104 vecors
920 2034 1064 2103 effundit
1087 2037 1195 2104 Iacob.

341 2162 460 2231 Debita
481 2160 645 2231 deliciunt
667 2160 754 2229 sacri
775 2159 942 2228 solemnia
964 2161 1094 2246 cultus,

342 2289 460 2357 Hostia
482 2287 580 2358 foeda
602 2287 714 2370 codit3
749 2287 891 2374 populus
911 2289 968 2356 sed
993 2288 1082 2357 iussa
1105 2289 1237 2376 repellit

230 2417 297 2482 500
341 2413 503 2497 infanda,
526 2413 618 2481 haud
639 2411 790 2497 gladium
812 2412 942 2481 veritus
963 2413 1183 2500 flammasque
1205 2433 1392 2501 necemque

343 2538 524 2608 Servitium
547 2541 583 2606 et
604 2537 762 2621 crudele,
785 2539 919 2625 Deoque
942 2539 1087 2607 fideliter
1109 2540 1238 2608 haeret.

342 2666 454 2732 Parva
475 2679 597 2730 manus
619 2663 802 2744 iuvenum,
827 2661 1008 2732 fortissima
1030 2666 1184 2750 pectora,
1207 2673 1352 2752 surgunt

343 2792 384 2856 Et
406 2787 534 2857 celeres
555 2787 591 2855 in
616 2786 705 2854 bella
726 2789 852 2870 ruunt;
874 2789 933 2856 sed
956 2789 1074 2858 fraude
1097 2789 1247 2876 dolisque

343 2917 542 2983 Verentur:
565 2913 799 3000 quodcumque
822 2913 914 2982 lubet
938 2933 998 2982 rex
1020 2915 1143 3001 impius
1157 2917 1281 2999 audet,

231 3045 298 3112 505
341 3041 604 3126 contemnitque
627 3041 754 3108 Deum:
777 3039 951 3110 sceleratis
973 3042 1089 3110 omnia
1111 3043 1239 3129 coeptis
1333 3133 1336 3142 A

343 3173 468 3240 Fausta
491 3171 638 3253 cadunt3
661 3168 787 3237 vindex
813 3187 958 3256 namque
981 3169 1076 3238 illum
1099 3171 1254 3240 Numinis
1277 3172 1328 3238 ira

341 3293 539 3381 optatisque
560 3292 627 3360 frui
650 3292 731 3360 sinit
752 3295 789 3359 et
811 3293 938 3377 gestire
961 3293 1140 3378 triumpho.

343 3419 429 3488 Hinc
451 3419 588 3506 pharias
608 3419 720 3487 audax
743 3417 875 3487 invadit
896 3419 1004 3488 milite
1028 3424 1158 3505 terras,

344 3547 386 3612 st
405 3543 494 3612 bello
516 3543 626 3612 victor
647 3542 827 3628 spoliisque
848 3542 985 3610 excedit
1006 3546 1155 3612 onustus.

232 3673 298 3738 510
344 3670 394 3736 En
416 3668 602 3754 templum,
627 3670 785 3755 rapturus
806 3685 888 3753 opes
909 3686 1097 3757 aurumque
1119 3673 1309 3758 repostum,

345 3794 538 3881 Ingreditur
559 3794 673 3879 miles,
699 3813 803 3882 gazae
826 3795 881 3864 cui
904 3796 978 3864 dira
998 3795 1139 3882 cupido:

345 3921 515 3990 Terribilis
535 3921 649 4004 vultu,
675 3921 833 4011 fulvoque
857 3923 1059 3993 micantibus
1079 3942 1160 3994 aere

346 4049 475 4133 Armis,
499 4049 589 4118 altus
611 4067 716 4134 eques
737 4049 901 4136 liquidum
923 4050 1111 4137 perinane
1135 4053 1289 4134 videtur3

344 4175 619 4262 sacrilegumque
641 4173 761 4244 ducem
783 4179 887 4262 atque
910 4176 1100 4245 inhiantem
1125 4179 1267 4264 turpiter·
1288 4197 1371 4248 auro

234 4305 300 4370 515
344 4301 443 4370 Calce
467 4301 546 4370 terit
568 4301 652 4369 duro
674 4301 828 4400 sonipes:
849 4301 941 4371 -hinc
962 4306 1061 4390 paret
1082 4306 1119 4372 et
1140 4305 1218 4372 inde

343 4429 520 4496 Formosus
540 4428 653 4514 specie
676 4428 809 4496 iuvenis
830 4428 986 4516 pallaque
1010 4429 1137 4512 nivali;

344 4555 469 4623 lctibus
488 4555 646 4624 attritum
671 4558 783 4624 terrac
806 4557 975 4644 virgisque
1004 4557 1173 4642 fatigant,
