3560 5368
352 507 417 574 302
725 517 771 569 bu
803 523 917 572 uuam
947 521 1183 572 rnnnouuurn

460 646 545 724 Quid
568 646 746 717 facerent?
778 647 848 716 alto
871 647 1026 734 quisnam
1047 647 1219 732 deponere
1242 644 1354 730 bgno,

549 773 591 838 Et
611 772 727 840 divum
749 775 863 859 posset
884 772 1030 842 condere
1056 789 1177 859 corpus
1197 769 1317 838 humi?

461 896 556 966 Talia
577 896 764 964 volvebant
784 895 927 964 animis:
951 897 1010 983 qui
1031 894 1242 965 Arimathide
1264 894 1308 962 ab
1330 910 1391 961 ora

545 1025 587 1090 ut
608 1021 707 1090 simul
729 1022 800 1108 ipse
822 1040 936 1091 comes
951 1021 1174 1092 Nicoademus
1195 1020 1292 1087 adest
1302 1036 1313 1099 ;

370 1147 414 1212 25
458 1143 619 1212 Omnibus
640 1145 819 1228 instructi,
849 1145 946 1230 queis
966 1145 1119 1214 membra
1141 1141 1285 1226 refigere
1307 1138 1400 1222 ligno

548 1266 741 1349 Sufficiant;
765 1267 890 1335 multus
912 1285 1001 1354 pone
1022 1266 1112 1335 subit
1135 1263 1289 1334 famulus.

459 1393 504 1459 At
526 1391 648 1459 festiva
668 1390 741 1459 dies
763 1391 888 1474 instat;
911 1393 995 1460 tunc
1017 1393 1100 1460 urbe
1123 1389 1240 1457 minist
1259 1387 1266 1402 '

546 1517 748 1585 Mittuntur:
777 1516 933 1603 geminos
953 1515 990 1583 hi
1011 1533 1112 1584 cruce
1141 1513 1358 1584 semianimes

458 1641 650 1711 Conficiunt
670 1659 756 1712 nece
780 1643 950 1726 tatrones,
980 1641 1180 1728 sublataque
1203 1639 1311 1726 pinis,

372 1767 415 1831 30
548 1767 590 1832 Ut
613 1783 705 1849 mos,
730 1765 908 1833 confestim
930 1782 1073 1851 corpora
1093 1765 1179 1833 daut
1201 1760 1340 1831 tumulo.

459 1889 512 1956 Fit
534 1891 722 1958 monstrum
744 1889 895 1970 interea,
919 1889 1044 1957 cecinit
1066 1905 1164 1956 mens
1187 1885 1326 1974 provida
1350 1887 1463 1952 vatum

544 2013 640 2090 Quod
661 2032 752 2082 nova
775 2013 973 2084 Parthenidi
996 2031 1099 2082 causa
1121 2013 1244 2081 doloris
1265 2011 1341 2078 erit

458 2139 735 2225 Quandoquidem
757 2137 855 2207 miles
874 2138 977 2225 galea
997 2137 1202 2225 spectandus
1223 2139 1259 2204 et
1279 2136 1398 2216 hasta,

547 2264 739 2350 Longinum
761 2263 898 2347 dicunt,
922 2263 1028 2332 insilit
1049 2262 1139 2332 altus
1159 2280 1267 2349 equo,

372 2391 416 2456 35
460 2389 672 2475 Approperat
701 2389 889 2475 Christique
910 2388 1000 2456 latus
1021 2387 1277 2458 transverberat
1311 2385 1397 2464 ictu,

546 2514 630 2580 Hinc
655 2513 724 2582 late
748 2514 855 2582 mixto
877 2515 1045 2600 sanguine
1067 2515 1188 2582 manat
1209 2529 1318 2598 aqua:

458 2635 499 2700 Et
521 2633 645 2702 vuinus
667 2634 758 2701 cordi
788 2635 906 2702 Matris
928 2652 1061 2721 quoque
1084 2633 1202 2718 flgitur
1223 2634 1299 2700 imo.

545 2758 630 2840 Cur,
654 2758 830 2840 Romane,
853 2760 931 2826 tuas
952 2759 1001 2826 sic
1022 2758 1189 2827 scelerare
1213 2775 1335 2825 manus

457 2882 593 2952 Audeat
619 2883 771 2952 extincto
792 2902 916 2970 parce:
946 2886 985 2952 at
1006 2883 1086 2971 quid
1109 2883 1265 2952 demoror
1285 2879 1399 2950 ultrat

371 3010 414 3074 40
546 3006 658 3082 Quid?
681 3007 781 3094 culpa
801 3009 846 3076 oh
869 3008 971 3076 felix!
995 3008 1075 3076 hinc
1098 3007 1159 3076 tibi
1181 3007 1299 3076 oborta
1320 3005 1431 3072 salus:

459 3131 633 3216 Ablueris,
657 3135 813 3220 totusque
836 3133 952 3201 animo
975 3132 1136 3216 mutaris,
1164 3135 1200 3200 et
1222 3133 1314 3200 inter

542 3257 737 3328 Romulidas
759 3257 882 3326 Christi
906 3259 1033 3345 primus
1055 3258 1144 3327 ovile
1165 3262 1273 3327 tenea

458 3379 571 3462 Teque
594 3379 687 3446 Petri
710 3397 837 3465 magno
859 3379 895 3446 in
917 3380 1046 3466 templo
1072 3380 1293 3448 venerabitur
1313 3377 1403 3445 orbis
1425 3377 1475 3458 (¹),

544 3501 638 3576 Quae
661 3505 737 3571 Iesu
759 3503 899 3588 pandis,
923 3505 1059 3572 Lancea
1080 3507 1220 3584 sancta,
1244 3504 1353 3585 latus,

371 3625 414 3689 45
457 3625 542 3692 Dum
564 3625 708 3708 dormit,
730 3644 797 3712 quo
819 3626 948 3712 Sponsa
970 3629 1077 3696 oritur
1099 3629 1308 3696 dulcissime:
1331 3627 1379 3694 sic
1401 3626 1469 3693 iam

545 3751 661 3819 Prima
682 3767 827 3836 parens,
850 3750 959 3820 Adam
981 3751 1060 3819 dum
1083 3755 1182 3823 tenet
1204 3771 1279 3821 ossa
1299 3770 1407 3837 sopor.

458 3877 585 3945 Verum
608 3874 832 3944 Nicoademus
861 3877 963 3944 etex
985 3875 1196 3945 Arimathide
1218 3879 1377 3944 truncum

544 3998 804 4081 conscendunt,
834 3998 914 4066 linis
936 4001 972 4066 et
993 4015 1091 4067 sacra
1112 3999 1265 4068 membra
1287 4001 1418 4084 tegunt.

457 4121 572 4190 Desilit
595 4123 744 4205 interea,
767 4123 909 4191 Genitor
929 4141 1032 4209 quam
1054 4124 1146 4192 misit
1165 4125 1211 4193 ab
1231 4123 1310 4192 altis

369 4248 413 4313 50
543 4245 701 4330 Sedibus,
727 4245 898 4332 Aligerum
919 4246 1009 4315 lecta
1030 4247 1149 4316 cohors
1169 4248 1340 4315 iuvenum.

457 4372 546 4439 Dant
569 4371 688 4440 moesti
710 4371 817 4440 riolas
838 4373 875 4439 et
895 4371 1064 4458 pallentes
1086 4373 1310 4458 hyacinthos,

545 4494 587 4562 ut
608 4495 706 4581 proni
728 4495 843 4564 divum
865 4513 986 4580 corpus
1007 4496 1137 4566 honore
1159 4499 1285 4567 colunt.
