3576 5376
330 487 396 551 334
610 500 697 566 prun
715 499 837 550 cnvcrs
853 500 875 549 1.
890 498 919 548 o.
936 497 967 548 o.
985 498 1019 546 rr.
1035 517 1054 532 -
1069 497 1205 548 nonore
1221 497 1260 546 rx

347 629 390 694 25
435 629 473 694 ln
496 627 624 696 somnis
647 627 754 696 visum
778 627 904 714 regalis
926 626 1055 694 semina
1075 627 1212 711 signum

523 753 643 820 Eruet:
668 750 731 820 hoc
754 752 880 820 dudum
902 752 1032 821 lumine
1055 769 1224 838 purpureo

436 873 610 959 Effulgeus
630 876 702 943 late
724 878 821 945 caelo
844 879 1071 964 conspexerat
1093 875 1164 945 alto

523 1002 598 1068 Dux
622 1001 699 1068 belli
724 1003 846 1085 victor,
870 1021 937 1089 qua
960 1003 1068 1070 Tibris
1090 1001 1123 1061 (2)
1142 999 1236 1067 unda
1257 996 1340 1064 fluit

435 1123 522 1190 Hinc
547 1126 656 1210 pietas
678 1127 809 1213 populi,
833 1127 913 1196 hinc
938 1127 1050 1196 meriti
1073 1126 1292 1194 cumulantur
1315 1121 1479 1200 honores,

348 1249 392 1312 30
525 1250 748 1338 victricisque
771 1253 887 1322 Crucis
908 1253 1002 1322 clera
1024 1256 1167 1338 tropaea
1191 1250 1329 1317 micant

434 1375 467 1442 Si
491 1375 635 1460 Solymis
657 1395 776 1463 pugna
799 1377 934 1462 fractis,
955 1377 1173 1447 volventibus
1195 1373 1319 1453 annis,

523 1503 598 1572 Rex
621 1505 756 1572 tantum
778 1505 903 1591 pignus
925 1507 1089 1574 barnerus
1110 1503 1257 1590 abripiet
1264 1519 1273 1584 ;

437 1627 480 1695 Ut
504 1627 650 1696 redimat
673 1631 863 1712 Romanus,
887 1649 969 1716 opes
991 1631 1215 1716 ingentiaque
1237 1643 1334 1694 ormo
1354 1623 1389 1684 (³)

522 1753 722 1839 comparat,
746 1757 782 1822 et
804 1758 976 1842 sceptrum
998 1755 1055 1841 qui
1077 1756 1175 1823 tenet
1197 1750 1351 1838 imperii,

347 1879 391 1943 35
436 1877 565 1947 Aurato
586 1878 771 1964 splendens
793 1883 885 1948 ostro
909 1881 1095 1967 vinctoque
1118 1896 1261 1962 corona,

523 2007 597 2090 lpse
621 2008 766 2074 onerata
787 2025 885 2075 sacro
906 2007 1056 2094 pondere
1079 1977 1180 2090 tergo
1201 2003 1302 2091 gerit

436 2130 580 2197 Lumina
601 2129 765 2200 demissus
787 2131 894 2200 volvit
916 2132 978 2200 sub
999 2134 1155 2218 pectore,
1178 2129 1344 2217 quantum

519 2254 610 2323 Crux
634 2257 719 2325 haec
743 2257 893 2326 humano
916 2257 1086 2344 protirerit
1106 2255 1237 2342 generi.

435 2379 535 2448 Plebs
556 2381 684 2466 stipate
705 2381 866 2468 frequens
888 2401 1008 2467 regem
1030 2383 1175 2450 miratur
1196 2382 1356 2462 euntem,

349 2503 392 2567 40
523 2503 566 2570 nt
587 2506 719 2590 stupet,
744 2507 780 2572 et
801 2505 950 2572 lacrimis
973 2522 1044 2573 nou
1066 2521 1208 2573 caruere
1231 2519 1353 2588 genae.

438 2627 599 2696 Increscit
621 2627 721 2696 fietus
743 2629 975 2717 gemitusque,
1000 2629 1056 2699 ubi
1079 2629 1229 2697 vestibus
1251 2624 1364 2694 eureis

524 2755 654 2821 Exutus
677 2754 852 2842 princeps,
876 2756 914 2822 ut
937 2753 1229 2832 monocerotes,
1255 2752 1344 2834 abit;

437 2877 577 2945 Cincius
600 2877 681 2946 fune
705 2877 812 2964 letus,
836 2880 923 2967 pede
946 2879 1055 2963 nudo,
1078 2881 1114 2949 et
1137 2878 1215 2946 vilis
1235 2876 1379 2958 amictu,

528 3004 635 3074 Mulie
657 3006 776 3075 dolens
796 3007 930 3090 animo,
953 3006 1093 3075 verticis
1114 3005 1186 3074 alta
1208 3005 1295 3092 petil

351 3127 394 3191 45
438 3127 585 3196 Funerei
608 3131 706 3214 iuga,
729 3148 862 3218 quoque
886 3131 959 3200 loco
981 3130 1112 3200 defixus
1134 3133 1228 3198 lesus

526 3253 673 3338 occurs,
696 3259 880 3342 augustam
903 3255 1048 3325 collocat
1069 3237 1141 3341 ipse
1163 3255 1307 3323 trabem.

440 3375 567 3462 Sperne
590 3396 689 3462 ergo,
714 3378 845 3460 Simon,
869 3381 914 3447 ad
936 3383 1071 3466 portam
1093 3381 1195 3468 quive
1217 3380 1376 3448 sedentes

528 3504 730 3572 Obtrectant
752 3504 807 3572 vel
831 3505 888 3591 qui
911 3506 1033 3592 pocula
1055 3507 1158 3592 plena
1181 3506 1324 3574 bibunt:

442 3627 511 3695 Nec
534 3627 633 3696 modo
656 3631 690 3696 te
714 3633 894 3713 moveant,
910 3631 1131 3716 quantumvis
1144 3631 1297 3699 carmine
1318 3629 1440 3696 ludent
1464 3629 1514 3695 l4l:
1551 3635 1558 3644 '

352 3747 396 3812 50
530 3748 590 3815 llio
612 3767 689 3834 age,
712 3747 794 3817 tolle
817 3749 879 3817 tibi
902 3751 1073 3836 pondera,
1096 3751 1178 3819 tolle
1202 3751 1319 3818 libens.

403 3940 437 3997 ili
455 3942 522 3988 Poets
543 3943 591 3989 heic
608 3943 674 3990 refert
690 3955 754 3990 sunm
770 3945 901 3992 vaticinium
916 3944 945 3992 od
961 3945 1111 3994 inventionem
1127 3945 1250 4000 Semele,
1266 3958 1324 4004 queo
1338 3947 1416 4004 posteo
1430 3959 1445 3992 n
1461 3945 1483 3992 S.
1494 3945 1537 3991 llo

341 4009 391 4052 leno
407 4003 438 4048 lbi
455 4007 543 4062 reperte
559 4007 606 4062 ost,
623 4007 661 4052 ubl
678 4019 800 4054 marmoreo
812 4008 903 4056 Veneris
918 4009 994 4056 ctutum
1010 4009 1118 4056 collocstn
1133 4011 1206 4058 meret
1220 4009 1248 4055 nri
1265 4007 1396 4054 abolendum
1411 4007 1538 4054 Dominicso

342 4067 455 4114 Passionis
472 4068 606 4115 memorium

403 4129 436 4186 12)
454 4131 601 4177 Constantino
617 4129 703 4176 obiecto
723 4129 768 4176 luit
791 4143 830 4189 per
847 4132 917 4178 nsum
939 4135 1030 4180 sonetum
1044 4132 1120 4180 Crucis
1136 4133 1216 4190 inrogo,
1233 4135 1259 4178 ut
1274 4145 1351 4180 omnen
1365 4133 1459 4187 norunt,
1475 4131 1536 4176 iusto

341 4193 451 4248 Tiberim,
469 4207 537 4251 quoru
553 4193 669 4240 motorium
685 4193 713 4238 ds
728 4195 824 4250 tyrsum
840 4193 954 4242 Maxentio
971 4197 1100 4254 reportarit

403 4255 437 4313 (3)
453 4255 546 4302 Festum
563 4253 715 4302 Exollntionis
736 4257 827 4302 moetos
843 4256 920 4304 Crucis
941 4258 1069 4316 indicauit,
1085 4271 1153 4317 quum
1176 4257 1291 4304 Heraclius
1316 4257 1439 4316 Imperator
1454 4269 1503 4302 eom
1523 4269 1536 4299 n

341 4316 449 4372 Chosroo,
467 4319 585 4366 Persarum
601 4330 668 4374 rege,
685 4319 851 4376 quatuordecim
875 4321 926 4377 post
950 4322 1015 4367 cunis
1036 4321 1169 4378 vindicavit,
1186 4333 1278 4377 eamque
1294 4320 1317 4366 in
1334 4319 1409 4366 eodem
1425 4317 1539 4366 eumne

341 4382 388 4426 loco
405 4381 498 4436 statuit,
515 4381 573 4427 unde
589 4381 662 4426 iuerat
677 4393 690 4426 c
708 4381 782 4427 Persis
797 4383 911 4440 asportato

403 4443 436 4500 (4)
453 4444 534 4490 Pssim.
552 4443 652 4498 uxrio,
671 4443 710 4490 13:
729 4445 862 4490 Adur-eum
879 4459 914 4490 me
929 4444 1086 4503 loquerentur
1096 4446 1140 4504 pul
1153 4443 1264 4490 uacuam
1280 4445 1305 4489 in
1318 4447 1410 4502 ponem·
1424 4447 1446 4488 ά
1461 4444 1485 4488 iu
1503 4455 1538 4486 mc

337 4505 475 4563 psallebant
490 4508 536 4566 qm·
549 4505 657 4552 ὺῶεὸσκέ
672 4506 762 4552 mum.
