3560 5368
695 537 831 590 nnnsrn
852 538 916 606 nr,
1417 524 1482 590 293

382 669 425 735 Et
447 681 651 754 quemqnam
673 663 777 731 caelis
798 664 932 730 vosmet
953 661 1145 731 consideret
1166 663 1274 745 inter,

470 790 681 859 Clamarem:
704 788 800 856 Meus
822 787 890 868 est,
914 788 951 855 et
973 785 1055 853 mihi
1077 786 1295 874 subriperem.
1418 813 1422 822 ·

294 917 338 984 55
382 917 454 992 Quo
477 917 511 982 te
534 929 678 998 cnrnqne
702 911 810 994 ieras,
833 910 1010 993 secebcr3
1033 927 1180 997 namque
1205 911 1306 980 beata

470 1038 550 1106 Sum
573 1040 686 1105 lecum
710 1033 789 1118 vili,
813 1037 921 1118 Nate,
946 1035 998 1104 vel
1020 1034 1056 1102 in
1078 1034 1219 1104 sabulo·

385 1163 460 1230 Non
482 1157 566 1226 mihi
586 1157 759 1238 solamen,
783 1155 811 1224 si
833 1155 945 1224 Mater
968 1175 1032 1240 ego
1054 1155 1172 1225 abfore
1194 1157 1315 1243 lenge;
1459 1187 1465 1200 ¹

471 1281 596 1352 Abiere
618 1299 674 1350 me
696 1298 718 1349 a
741 1297 822 1349 carc
844 1281 988 1368 pignore
1011 1279 1201 1349 discrucier.

293 1465 295 1470 .
383 1413 518 1482 Talibus
539 1411 619 1494 illa3
646 1413 684 1479 et
704 1410 764 1478 vix
785 1428 910 1480 aurora
932 1409 1115 1495 fugaverat
1136 1411 1307 1495 umbram,

297 1539 340 1604 60
471 1534 630 1621 Exurgit,
645 1533 798 1620 Solymas
819 1536 890 1602 stat
911 1551 1066 1602 remeare
1089 1534 1242 1618 gradum.

385 1664 468 1730 Turn
490 1658 648 1744 relegens
669 1660 785 1726 errata
806 1658 922 1752 agitur
944 1657 1047 1726 celeri
1070 1657 1156 1744 pede
1178 1659 1294 1743 Virgo,

472 1785 542 1851 Nec
564 1799 676 1864 mora,
701 1797 766 1850 nec
787 1781 941 1867 requies;
964 1783 1211 1868 approperatur
1231 1782 1306 1852 iter.

384 1909 495 1994 Atque
517 1906 574 1975 ubi
596 1906 747 1974 diversos
769 1905 918 1974 ostendit
938 1907 1061 1974 semita
1082 1905 1211 1990 calles,

471 2034 623 2101 Incertae
645 2048 772 2117 anceps
800 2031 829 2098 it
850 2031 1041 2118 repetitque
1064 2032 1145 2101 vias.

298 2162 341 2228 65
386 2161 450 2227 Ter
471 2157 541 2226 iam
562 2157 613 2225 sol
634 2157 729 2225 caelo
751 2151 898 2225 rutilans
919 2156 1093 2226 effulserat
1114 2157 1209 2238 alto,
1337 2245 1342 2254 ὴ

473 2285 539 2350 Ter
560 2280 629 2349 iam
651 2298 721 2347 nox
743 2279 895 2350 tenebris
916 2279 1088 2366 sparserat
1109 2283 1187 2349 atra
1207 2281 1343 2369 polum:

385 2406 534 2477 Tandem
556 2407 675 2474 urbem
696 2405 908 2492 ingreditur,
931 2405 1084 2492 cupienti
1105 2406 1233 2475 lumine
1255 2407 1378 2479 lustret

473 2531 612 2613 Omnia,
633 2529 779 2600 sollicita
802 2533 884 2598 tunc
905 2549 1008 2618 prece
1030 2531 1160 2618 templu
1181 2532 1279 2600 subit

387 2657 517 2744 Aspicit
537 2657 592 2726 hic
614 2657 761 2740 Natum,
784 2675 962 2743 procerum
984 2657 1134 2745 stipante
1155 2676 1299 2743 corona,

300 2785 343 2849 70
472 2781 535 2850 Hic
556 2779 651 2849 audit
673 2779 769 2850 divos
789 2781 929 2851 effluere
951 2799 1010 2852 ore
1032 2799 1143 2851 sonos.

362 2908 480 3004 ‘l'nnc
502 2905 617 2974 tristes
639 2903 775 2991 fugiunt
797 2923 918 2992 curae,
941 2908 1015 2976 tum
1036 2906 1161 2992 gaudia
1176 2908 1333 2976 mentem

472 3033 694 3113 pertentant,
719 3031 810 3101 dulci
832 3033 942 3101 victus
963 3051 1079 3101 amore
1102 3033 1205 3101 dolor.

386 3156 519 3226 Amissu
541 3157 643 3225 Pueri
666 3159 781 3226 tantos
802 3159 946 3245 experta
967 3158 1117 3244 dolores,

474 3279 547 3347 Ah!
571 3289 711 3367 precor,
734 3282 826 3350 alma
847 3284 997 3368 Parcus,
1019 3283 1057 3350 in
1079 3284 1259 3352 mensola
1282 3284 1377 3366 fave;

301 3405 345 3471 75
389 3405 432 3472 Ut
454 3421 621 3491 nusquam
643 3406 752 3476 Iesum
774 3406 951 3491 amittam,
977 3406 1136 3476 vitalibus
1157 3407 1248 3476 auris

473 3530 558 3597 num
579 3549 720 3615 vescam
744 3534 819 3602 Iesu
843 3534 960 3601 mente
982 3533 1163 3619 animoque
1186 3532 1289 3601 fruar.

386 3653 462 3722 Non
484 3652 568 3723 mihi
589 3654 660 3724 sint
682 3672 860 3740 gemmae,
884 3673 955 3723 non
976 3655 1074 3742 copie
1094 3655 1210 3723 divitis
1231 3655 1328 3740 auri,

475 3779 547 3849 Nec
569 3798 624 3850 me
646 3801 738 3852 vana
759 3782 935 3851 hominurn
957 3781 1049 3852 lama
1071 3801 1131 3868 per
1152 3800 1213 3852 ora
1235 3781 1343 3850 serat:

390 3905 465 3974 Non
488 3906 572 3974 mihi
592 3907 754 3989 deliciae,
779 3909 873 3980 vitae
895 3927 960 3977 nec
982 3908 1179 3989 commode,
1205 3924 1269 3976 nec
1292 3923 1379 3994 quae

302 4033 345 4098 80
476 4032 612 4102 Scilicet
633 4034 861 4116 immeritum,
885 4052 1153 4123 purpurascere
1175 4033 1270 4119 tegit

308 4212 320 4238 ,
390 4157 469 4228 Vita
491 4159 574 4228 mihi
595 4163 708 4244 Iesus,
731 4161 814 4230 mihi
837 4164 930 4232 lesus
951 4179 1022 4230 una
1043 4160 1219 4247 voluptas,

475 4284 601 4356 Ultima
621 4305 690 4356 vox
712 4291 822 4372 iesus,
844 4287 992 4376 pectoris
1012 4305 1100 4356 unns
1121 4303 1226 4354 amor.
