3560 5368
345 527 410 593 236
819 545 1092 606 rnnrunurnoos

450 671 618 739 Funditur
639 676 742 758 atque
766 675 848 758 agni
871 693 992 756 cruor,
1024 677 1061 744 et
1082 674 1320 758 conspergitur
1341 688 1404 738 ara

451 800 539 866 Ture
560 799 698 882 calens;
721 803 839 888 prunis
860 803 1061 872 ardentibus
1082 803 1208 871 emicat
1229 801 1318 886 ignis

346 919 408 986 135
454 923 594 1009 Insuper
616 923 730 993 effusis
751 927 836 995 oleo.
860 927 913 994 Sic
936 929 1047 997 hostia
1068 945 1200 995 summo

449 1045 597 1115 Offertur
619 1052 781 1134 pergrata
803 1052 893 1134 Deo;
916 1050 977 1120 dat
999 1052 1143 1119 buccina
1164 1051 1311 1117 cantum

449 1169 549 1238 clara
569 1145 807 1257 sacerdotnm3
830 1176 971 1262 proiecti
994 1195 1137 1262 corpora
1160 1177 1274 1243 terrae

450 1297 683 1366 Procumbunt
705 1317 844 1384 omncs,
877 1301 1056 1388 superique
1079 1301 1117 1367 in
1139 1301 1221 1367 vota
1243 1298 1422 1367 vocantur.

448 1421 540 1488 Haec
563 1422 678 1490 animo
702 1425 832 1508 recolo,
863 1425 1005 1494 memori
1028 1426 1090 1493 snb
1113 1426 1230 1492 mente
1253 1420 1421 1491 recondo:

343 1544 404 1609 140
448 1547 516 1614 Vos
538 1549 656 1615 tamen
680 1549 895 1619 immemores
919 1551 1120 1620 munuscula
1142 1550 1236 1618 nulla
1260 1548 1397 1634 paratis.

449 1669 535 1746 Quid
557 1671 701 1757 dabitis,
735 1676 841 1742 vestri
864 1677 993 1744 celerat
1013 1675 1102 1763 quod
1126 1675 1272 1763 pignora
1294 1672 1443 1741 amoris?

447 1796 533 1862 Huic
555 1796 701 1867 similem
724 1799 854 1867 nnllam
877 1801 984 1868 tantis
1012 1799 1195 1868 virtutibus
1216 1800 1355 1867 auctam

448 1919 602 1989 Vidimus
624 1922 714 1990 hanc
736 1923 878 1992 coluisse
894 1926 1055 2008 domum,
1079 1925 1280 2012 incessuque
1302 1923 1485 2006 habituque

449 2045 602 2132 Namque
626 2049 723 2132 patet
745 2047 924 2135 plusquam
952 2049 1087 2118 mortali
1110 2068 1130 2119 e
1152 2049 1282 2118 semine
1306 2049 1420 2116 creta:

336 2165 405 2264 '145
450 2165 600 2233 lnfracto
623 2184 792 2254 nmquam
813 2189 933 2255 gressu
956 2173 1122 2257 gestuque
1144 2170 1275 2250 soluto,
1367 2247 1369 2252 ,

450 2289 522 2364 Quo
544 2291 677 2376 pergit,
707 2310 773 2378 quo
795 2293 885 2361 sistit
905 2295 1063 2362 amabilis
1082 2312 1143 2362 ore
1165 2313 1307 2362 sereno:

447 2416 544 2483 Haud
566 2417 668 2485 aliter
689 2436 831 2487 suavem
853 2421 983 2488 circum
1007 2421 1155 2506 undique
1183 2419 1326 2488 fundere
1348 2420 1484 2487 odorem

449 2541 589 2609 Florens
611 2542 647 2610 in
671 2543 802 2612 Iericho
825 2563 922 2627 rosa,
956 2564 1016 2614 seu
1044 2546 1270 2614 vernantibus
1292 2545 1399 2612 hortis

449 2664 534 2732 Lilia
557 2665 661 2750 plena
682 2647 815 2752 solent,
846 2669 983 2737 humilis
1004 2687 1063 2738 seu
1086 2669 1245 2756 germina
1267 2668 1375 2736 nardi.

343 2790 404 2854 150
448 2790 481 2856 Si
504 2790 671 2876 loquitur,
696 2795 790 2880 quasi
815 2773 1070 2877 mellalluunt,
1094 2814 1163 2864 non
1188 2797 1326 2862 insonat
1347 2812 1448 2860 auras

451 2917 524 2982 Vox
548 2915 743 3000 hominum,
768 2919 881 2988 verbis
901 2921 961 2989 sed
983 2919 1137 3006 parcior,
1172 2924 1208 2988 et
1233 2937 1334 3005 prece
1357 2919 1463 2986 multa

448 3043 573 3109 Exorat
594 3061 755 3129 superos,
780 3064 985 3132 somnosque
1007 3047 1180 3132 abrumpit
1201 3049 1237 3114 et
1259 3044 1331 3114 alta
1415 3109 1419 3118 .

449 3165 555 3233 Nocte
577 3185 721 3252 gemens
744 3172 888 3237 curvata
909 3187 1001 3253 genu
1025 3171 1080 3255 pia
1103 3172 1185 3238 vota
1217 3172 1395 3238 recenset:

445 3288 559 3388 Tanta
589 3291 764 3360 bominum
797 3311 972 3380 nunquam
995 3294 1104 3362 virtus
1126 3295 1162 3361 in
1196 3295 1346 3379 imagine
1369 3290 1480 3360 fulsit!

341 3413 403 3478 155
533 3414 664 3484 Ilebora
685 3417 734 3484 sic
750 3418 842 3486 lata:
865 3436 1004 3487 assensu
1027 3419 1204 3504 plausuere
1227 3436 1380 3488 sorores:

447 3538 645 3610 Parthenidi
667 3543 800 3610 cunctis
821 3561 919 3612 amor
941 3542 1051 3624 idem3
1075 3545 1112 3611 et
1134 3545 1289 3630 tempora
1312 3542 1460 3611 tundunt

446 3663 577 3734 Oblitae
600 3665 742 3750 palmis;
776 3667 912 3750 agitant
935 3687 1002 3755 qno
1024 3683 1166 3736 munere
1189 3685 1309 3738 sensus

447 3787 562 3857 Gordis
582 3809 737 3878 quaeque
759 3811 838 3861 suos
859 3797 1038 3879 promant,
1062 3794 1111 3862 nil
1134 3795 1285 3880 suppetit
1307 3792 1393 3860 illis:

446 3913 599 3984 Obnixae
621 3916 767 4001 genibus
788 3937 929 4003 superos
951 3922 988 3987 et
1010 3918 1119 3987 multa
1140 3921 1333 4006 precantur.

341 4033 402 4099 160
448 4036 551 4106 Audit
572 4041 609 4105 at
632 4043 772 4109 orantes
793 4043 882 4110 Deus
903 4045 940 4111 et
963 4042 1127 4110 miracula
1149 4041 1269 4128 prodit.

536 4161 655 4230 Nullus
676 4166 752 4231 erat
774 4163 869 4234 lucus
891 4165 1010 4251 templi
1032 4169 1069 4234 et
1090 4165 1252 4234 viridaria
1278 4164 1392 4233 nulla:

446 4285 601 4354 Diruerat
622 4290 697 4372 ptus
719 4289 805 4357 haec
827 4289 950 4372 Ionias,
975 4307 1079 4375 quum
1100 4293 1236 4376 sceptra
1258 4291 1415 4372 teneret3

446 4409 724 4497 Quandoquidem
746 4415 849 4482 Indae
873 4431 974 4499 reges
991 4415 1141 4483 confinia
1163 4417 1303 4483 sanctae

446 4533 644 4604 Polluerant
664 4538 773 4618 sedis,
797 4542 833 4606 et
855 4537 906 4605 dis
929 4537 1105 4606 fallacibus
1127 4541 1248 4621 arbos,
