3472 5360
329 495 391 561 104
807 519 1046 571 nnmnnnmos

433 642 572 711 Interea
592 643 708 712 multis
729 646 869 716 cinxere
893 647 1023 732 palatia
1044 650 1170 716 Persae

435 769 653 854 agminibus,
677 770 869 859 foribusque
892 772 1091 859 frequentes
1113 773 1269 841 omnibus
1291 773 1431 842 instant

433 893 565 962 obsessi
587 897 708 965 contra
730 896 859 982 lapides
881 915 900 964 e
924 867 1073 965 turribue
1094 897 1175 965 altis

434 1019 668 1106 Praegrandes
690 1022 850 1106 iacudari,
873 1040 1002 1110 perque
1024 1023 1193 1091 foramina
1214 1041 1342 1109 perque

323 1142 389 1208 650
435 1145 608 1212 Murorum
629 1146 733 1214 rimas
754 1147 851 1214 densi
873 1147 1070 1234 intorquere
1093 1147 1246 1232 sagittae.

433 1269 519 1338 Ecce
541 1271 657 1339 autem
679 1271 846 1354 Gadataa,
871 1273 925 1340 cui
948 1272 1045 1357 regie
1067 1273 1206 1360 cognita
1227 1271 1345 1354 sedec,

433 1397 631 1481 Opportuna
653 1397 734 1464 viris
755 1398 839 1465 scite
863 1397 938 1466 loca
959 1399 1127 1466 monstrat
1149 1398 1186 1466 et
1206 1397 1321 1465 annia

433 1520 598 1588 Nituntur
618 1521 718 1590 scalis
740 1525 886 1606 Persae,
910 1524 1012 1608 atque
1036 1521 1221 1590 ascendere
1245 1524 1338 1591 tecla

431 1645 594 1714 Certatim
618 1651 822 1732 prope-ant:
846 1647 991 1716 telorum
1012 1650 1115 1734 atque
1138 1647 1293 1734 improba
1315 1648 1446 1732 grando

320 1769 385 1835 655
429 1770 593 1838 Saxomm
616 1771 706 1840 ruit:
730 1773 843 1841 elatae
869 1773 1040 1842 testudine
1065 1773 1177 1860 peltae

432 1898 652 1981 pugnantum
676 1897 792 1983 capita
813 1897 886 1966 alta
907 1901 1051 1984 tegunt:
1075 1915 1295 1984 perrumpere
1318 1897 1367 1964 nil
1389 1897 1463 1984 quit

432 2021 579 2088 Turbam
601 2022 866 2105 ascendentem,
889 2023 972 2091 licet
993 2041 1095 2092 omne
1118 2024 1289 2092 cadavera
1310 2021 1437 2090 vallum

433 2145 632 2214 Obducunt:
656 2147 714 2215 elii
736 2149 903 2228 subcunt,
928 2149 996 2232 iam
1018 2167 1151 2230 summa
1174 2150 1334 2216 tenentes

432 2274 631 2357 Exuperant
652 2272 754 2341 aedes
776 2275 813 2340 et
834 2272 898 2340 iuni
921 2273 1041 2342 limina
1062 2273 1245 2360 complent.

322 2397 388 2463 660
432 2398 538 2465 Maior
561 2397 617 2464 ubi
640 2399 802 2484 strepitus
823 2399 1036 2482 bellantum,
1059 2399 1206 2468 occurrit
1228 2398 1351 2467 Arioch

433 2523 680 2608 ingentemque
703 2522 773 2592 edit
795 2527 966 2610 stragem:
989 2523 1182 2610 penetralia
1205 2524 1314 2591 victor

432 2645 496 2736 Sed
518 2647 587 2716 iam
611 2649 708 2718 miles
730 2649 857 2732 habet,
892 2651 967 2718 tota
989 2652 1025 2717 et
1046 2653 1203 2718 versatur
1225 2649 1262 2716 in
1284 2649 1373 2717 aula.

339 2817 342 2822 -
432 2773 570 2842 Invidus
592 2775 724 2843 exultat
746 2775 895 2844 cauaes
917 2793 1102 2862 regemque
1126 2775 1289 2862 requirit:

432 2898 527 2967 Talia
548 2901 608 2967 sed
630 2901 717 2968 lidus
738 2902 970 2988 nequidquam
992 2920 1110 2987 pauens
1133 2901 1257 2968 Arioch

324 3025 391 3090 665
435 3027 606 3109 Occurrit,
628 3045 850 3114 gressumque
873 3027 979 3096 armis
1001 2997 1179 3096 contendit
1201 3027 1306 3096 eunti.

433 3152 494 3219 llle
517 3151 601 3220 furit
622 3153 803 3238 tentatque
826 3154 918 3221 viam
940 3154 1003 3222 sibi
1025 3157 1181 3222 sternere
1205 3153 1306 3221 ferro.

432 3277 646 3345 Concurrunt
657 3327 667 3362 ‚
691 3296 875 3366 pugnaque
899 3279 989 3348 fores
1011 3282 1049 3347 tu
1070 3280 1203 3362 victor,
1228 3279 1371 3362 Ariocn,

433 3400 475 3467 Ni
498 3401 639 3470 Gobries
662 3403 794 3472 calamo
817 3405 937 3490 guttur
957 3403 1088 3471 dirimet
1110 3405 1233 3485 acuto,

432 3527 563 3595 Occidis
585 3531 622 3598 et
643 3529 717 3614 regi
740 3529 795 3598 vel
818 3531 853 3596 in
877 3531 949 3616 ipso
973 3529 1094 3598 iuuere
1116 3528 1212 3597 fldus.

323 3653 388 3719 670
432 3653 588 3723 Proditor
609 3657 647 3722 at
668 3654 818 3724 Gadutas
839 3656 919 3742 ipsis
941 3656 1175 3742 penetralibus
1195 3655 1308 3724 audax

433 3781 598 3850 insultat:
623 3781 732 3868 qualis
752 3801 855 3850 curru
877 3783 1024 3869 lorisque
1046 3783 1167 3850 solutis

432 3906 520 3973 Acer
542 3923 649 3992 equus
669 3907 764 3975 silvis
786 3908 842 3975 vel
864 3906 974 3993 aperti
997 3907 1153 3992 gramine
1177 3905 1290 3991 campi

432 4033 565 4101 Gaudet
586 4032 824 4118 luxuriatque:
848 4035 885 4101 et
907 4036 962 4117 te,
988 4005 1204 4117 Baltiramer,
1227 4032 1351 4098 adibat.

433 4161 560 4226 Amens
580 4159 758 4245 praecipiti
782 4178 882 4228 cursu
903 4159 1008 4246 longa
1029 4159 1119 4227 atria
1140 4159 1286 4241 lustres,
1344 4185 1348 4190 ·

322 4281 387 4348 675
432 4283 604 4350 lncaeeum
627 4282 780 4369 deposcis
802 4301 901 4369 opem
924 4282 1156 4368 auxiliumque
1180 4281 1344 4368 requiris:

432 4412 559 4477 Omnes
579 4410 755 4496 arripuere
779 4407 916 4494 fugam3
940 4408 1009 4476 iam
1033 4407 1140 4475 milite
1162 4411 1276 4492 postes

431 4534 651 4619 Incustoditi,
675 4536 812 4604 deserta
834 4533 959 4603 cubilia
982 4533 1081 4618 regis.
