3564 5376
323 487 366 550 26
798 499 1060 552 urcnsnunruos
1181 516 1184 522 ·

433 623 509 690 Non
532 623 598 690 ita:
621 621 844 709 pugnandum
866 626 934 690 est:
958 624 1100 692 victoria
1123 624 1215 692 laeta
1236 628 1406 712 sequetur.

430 749 521 814 Haeo
543 746 593 814 ait
615 746 671 814 ille
695 745 827 814 linens:
852 746 983 815 insanis
1005 750 1144 833 pectora
1166 747 1265 816 dictis

431 873 610 956 Incensus,
633 870 817 957 magnique
839 871 898 939 Dei
921 871 969 939 sic
991 873 1110 958 raptus
1130 890 1247 940 amore

431 995 541 1063 Faber
564 1013 646 1080 ego:
670 993 809 1062 Infelix!
834 995 921 1063 haec
943 1013 1026 1081 ergo
1049 995 1150 1064 corde
1173 997 1332 1082 rependis

292 1193 299 1204 ,
322 1119 388 1186 590
431 1120 524 1186 Iusta
546 1120 625 1201 Deo,
647 1118 705 1204 qui
729 1120 764 1186 te
786 1118 893 1186 tantis
915 1117 1079 1204 edlrlgere
1101 1120 1200 1188 donis

433 1245 623 1328 concessit,
645 1261 813 1331 supraque
837 1245 922 1313 alios
935 1245 1134 1330 ,excelleret
1155 1246 1313 1333 quisnam

431 1371 477 1438 Ut
498 1369 606 1438 Densi
627 1370 747 1438 audaci
770 1371 971 1438 contemnes
992 1370 1115 1458 impius
1137 1389 1195 1440 ore

432 1495 496 1563 Olli
519 1495 607 1583 quod
631 1494 814 1581 placituml
838 1495 912 1581 quis
935 1497 989 1576 tu,
1013 1496 1070 1582 qui
1093 1497 1257 1564 scandere
1280 1498 1416 1583 sedem,

432 1623 539 1698 Quam
562 1622 659 1688 tenet
682 1619 923 1707 Omnipotens,
947 1621 1081 1690 vesanis
1103 1621 1232 1690 nisibus
1253 1624 1378 1693 audesi

323 1746 389 1812 595
433 1745 669 1832 caelestesque
691 1743 808 1812 domos
829 1743 902 1812 alta
924 1744 992 1811 iam
1015 1763 1100 1831 pace
1123 1746 1257 1832 quietas

432 1871 595 1956 Exagites
617 1870 740 1954 turbis,
764 1869 976 1957 fratrumque
999 1874 1050 1939 tot
1072 1872 1214 1958 agmine
1235 1891 1351 1942 verses

434 1997 581 2079 Fraude,
603 1996 704 2078 dolis,
728 1999 939 2082 mortemque
961 1996 1068 2065 infers
1089 1999 1291 2084 tantamque
1313 1999 1467 2068 ruinam?

434 2124 507 2190 Heu
529 2122 647 2190 miser!
672 2121 758 2190 haec
779 2121 896 2189 dicens
918 2123 1091 2208 praesenti
1115 2123 1268 2191 cominus
1289 2143 1372 2193 ense

435 2247 633 2347 Aggredior,
656 2248 874 2334 sequiturque
898 2248 1034 2315 cohors:
1057 2248 1085 2315 it
1106 2247 1235 2316 clamor
1256 2250 1300 2316 ad
1323 2267 1441 2332 auras,

324 2373 390 2439 600
435 2371 639 2456 Belligerum
662 2371 805 2458 telisque
828 2371 1058 2456 strepentibus
1079 2373 1217 2440 insonat
1237 2375 1366 2442 aether.

521 2497 614 2563 Haec
635 2494 727 2562 inter
749 2493 865 2579 magni
888 2493 1005 2562 Proles
1025 2512 1201 2580 aequaeva
1225 2497 1382 2564 Parentis

435 2619 592 2687 Curribus
613 2619 795 2705 ignivomis
817 2619 934 2706 rapido
956 2622 1051 2688 secat
1072 2620 1215 2689 aethera
1236 2639 1351 2689 cursu:

434 2745 578 2815 Centum
600 2745 689 2813 oculi
711 2748 917 2831 centumque
941 2745 1023 2813 rotis
1045 2745 1297 2814 flammantibus
1318 2746 1458 2828 ardent,

437 2871 647 2957 Hostilesque
670 2870 761 2939 acies
782 2871 903 2938 obtutu
925 2873 961 2938 et
984 2869 1125 2939 fulmine
1149 2873 1265 2940 terret

326 3000 390 3065 605
436 2999 530 3065 Tunc
552 2997 690 3065 inimica
711 2999 808 3083 gravi
834 2998 1014 3065 turbantur
1037 3000 1150 3064 castra
1172 2985 1337 3078 tumultu,

437 3125 478 3190 Et
501 3124 625 3208 raptim
650 3122 766 3208 lugere
789 3125 908 3205 duces,
933 3123 1051 3209 lugere
1074 3126 1244 3191 catervae.

403 3279 413 3296 ·
437 3249 523 3315 Hinc
546 3245 664 3313 domus
685 3247 861 3315 aetheriae
883 3245 1084 3314 scinduntur
1106 3245 1260 3326 moenia,
1283 3249 1320 3312 et
1343 3243 1422 3313 inde

439 3373 605 3456 Praeceps
627 3370 727 3437 turba
749 3369 817 3436 ruit
840 3370 960 3437 caelis:
984 3368 1075 3437 haud
1098 3369 1223 3436 decidit
1244 3370 1315 3436 alto

438 3498 519 3563 Tam
543 3497 610 3564 cito
634 3494 833 3580 fulminem,
857 3497 989 3582 populis
1011 3485 1405 3582 trepidantibusjignis:

327 3622 392 3686 610
437 3620 610 3688 Excidium
635 3620 797 3688 immane!
822 3621 946 3705 ingens
968 3639 987 3688 e
1011 3621 1151 3704 regione
1174 3638 1323 3706 superna

439 3748 553 3816 Tertia
573 3746 749 3814 stellarum
772 3764 851 3832 pars
873 3746 1025 3832 vellitur,
1049 3748 1187 3833 ipseque
1210 3747 1314 3814 Satan

438 3876 507 3941 Has
529 3872 652 3956 cauda,
677 3875 865 3941 monstrum
888 3875 957 3941 iam
979 3890 1071 3940 nunc
1093 3872 1250 3953 informe,
1274 3872 1448 3952 trahebat;

438 4001 523 4067 Huic
546 4000 641 4066 rubei
663 3999 792 4084 species
815 3999 952 4066 informi
974 3998 1062 4067 mole
1086 3999 1258 4080 draconis,

439 4127 595 4195 Cervices
616 4127 765 4212 septem,
789 4129 824 4192 et
847 4127 979 4211 septem
1001 4125 1195 4192 diademata
1216 4125 1361 4211 cingunt

331 4258 396 4324 615
442 4255 635 4336 Horrenda,
659 4255 917 4340 exuperantque
940 4251 1058 4320 decem
1081 4252 1155 4319 iera
1176 4269 1305 4320 cornua
1329 4249 1467 4319 frontes.

442 4382 572 4468 Quique
594 4399 696 4467 super
717 4381 798 4450 celsi
820 4381 998 4449 rutilantia
1019 4379 1132 4447 sidera
1154 4379 1239 4447 caeli

440 4506 629 4589 Fulgebaut
651 4505 761 4592 specie
786 4506 892 4592 pulcri
914 4507 951 4574 et
972 4503 1196 4573 candentibus
1218 4502 1296 4582 alis,
