3472 5360
666 545 776 598 uranu
799 547 949 598 runrrvs
1348 527 1409 595 133

311 677 483 757 Devincti,
517 677 609 744 band
630 694 728 746 secus
748 697 790 747 ac
811 679 902 747 aries
923 679 978 746 cui
1001 695 1126 764 pascua
1146 679 1278 746 desunt.

311 803 481 872 Tristitiae
503 803 737 890 scelerumque
758 802 831 871 (lies
852 805 889 871 in
911 805 1012 872 corde
1047 805 1193 873 revolvit
1278 877 1287 894 Ι

223 933 266 998 40
312 931 413 1016 Urbs,
437 935 671 1018 memoratque
693 933 793 1002 simul
815 933 929 1002 felicia
950 935 1105 1020 tempora
1126 935 1315 1020 quondam:

312 1060 359 1128 At
379 1063 526 1129 subeunt
548 1063 744 1148 vexantque
765 1061 894 1130 inimici
916 1061 1113 1129 immaniter
1142 1077 1299 1146 aegram,

311 1187 524 1274 irridentque
546 1186 618 1254 dies
641 1186 743 1255 festos
764 1188 917 1273 ritusque
938 1187 1115 1256 verendos.

309 1309 417 1396 Culpa
437 1310 561 1396 ingens
583 1309 761 1396 Solymae:
785 1310 865 1378 binc
887 1309 995 1378 tantis
1017 1327 1138 1378 eversa
1161 1309 1283 1387 ruinis,

311 1432 398 1499 Hinc
419 1435 548 1520 spreta,
572 1432 652 1503 binc
674 1432 796 1501 faciem
818 1433 924 1502 vertit
945 1432 1075 1502 subtusa
1096 1433 1232 1518 pudore.

225 1559 268 1622 45
309 1557 428 1628 Sordet
449 1559 600 1646 adusque
622 1533 742 1646 pedes3
765 1579 847 1629 nam
869 1561 973 1630 oblito
995 1563 1132 1648 pectore
1156 1559 1264 1628 iatum
1406 1537 1409 1544 ’

310 1683 465 1766 Demisit,
489 1684 649 1752 miseram
670 1685 759 1772 quod
782 1685 923 1772 posthac
945 1685 1043 1754 triste
1066 1687 1242 1754 maneret:
1292 1670 1294 1681 ’

312 1808 364 1874 su
386 1789 529 1876 nimius
550 1811 711 1895 aspecta
732 1811 823 1880 iacet
844 1811 1042 1898 nurumque
1064 1810 1244 1879 levamen!

312 1937 359 2000 Tu
383 1935 545 2015 miserae,
567 1936 806 2022 Omnipotens,
829 1953 1004 2020 succurre,
1027 1937 1207 2023 hostesque
1231 1933 1396 2001 retunde:

314 2061 466 2146 Namque
487 2061 627 2130 inimica
648 2081 770 2131 manns
792 2063 906 2149 rapuit
927 2063 1017 2150 quod
1046 2063 1157 2131 carius
1179 2061 1236 2130 olli

222 2185 267 2250 50
311 2188 351 2252 Et
373 2186 463 2272 quod
484 2188 672 2257 amabilius
696 2189 773 2256 Vidi
798 2189 990 2275 penetralia
1009 2189 1127 2275 templi

312 2312 520 2391 Pervasisse‚
552 2315 640 2381 Deus
662 2331 745 2399 qnos
767 2315 840 2400 ipsa
862 2315 899 2382 in
921 2313 1042 2382 limina
1061 2331 1214 2400 gressum

313 2437 416 2506 Ferre
437 2441 552 2522 vetat,
577 2440 785 2527 populusque
806 2458 949 2527 gemens
969 2441 1113 2527 suspiria
1136 2440 1268 2508 fundit:

312 2564 441 2651 Quippe
466 2567 573 2635 fames
593 2570 710 2652 urget,
732 2568 948 2655 pretiosaque
971 2570 1097 2637 cuncta
1118 2565 1269 2652 supellex

310 2689 442 2760 Vilibus
463 2692 550 2759 hen!
575 2692 716 2778 dapibus
737 2695 807 2762 iam
829 2693 954 2762 frustra
975 2695 1131 2779 impensa
1154 2691 1321 2778 parandis.

223 2816 267 2881 55
310 2816 549 2904 Omnipotens,
572 2837 740 2887 memores
762 2819 829 2887 beu
850 2821 981 2905 quanta
1003 2819 1193 2887 miserrima
1213 2817 1311 2886 nobis

312 2940 509 3010 obvenere!
533 2943 664 3029 probris
685 2945 889 3030 premimur,
911 2944 1014 3012 rubor
1035 2943 1144 3011 inficit
1165 2959 1226 3010 ora

310 3063 395 3131 Fixa
414 3064 506 3132 solo:
530 3069 681 3134 nostram
705 3067 844 3135 hostiles
866 3084 1010 3152 rapuere
1035 3083 1156 3134 manus
1178 3081 1271 3136 rem.

310 3191 496 3258 Pervasere
518 3192 675 3259 domum:
699 3195 738 3260 nt
761 3193 857 3279 pueri
881 3209 944 3260 nos
965 3191 1118 3278 patribus
1140 3189 1234 3272 orbi,

311 3315 356 3381 Ut
377 3315 499 3383 viduae
521 3319 670 3385 matres:
702 3319 811 3403 pretio
835 3336 897 3385 nos
918 3314 1062 3384 emimus
1084 3316 1233 3392 undam,

222 3439 265 3504 60
310 3439 460 3507 Emimus
481 3443 516 3508 et
539 3441 651 3526 ligna3
685 3442 871 3528 abripimur
893 3443 1027 3510 cervice
1051 3440 1236 3526 prehensa:

310 3565 381 3630 Nec
405 3564 500 3632 fessis
521 3565 622 3633 datur
644 3565 715 3634 nlla
737 3567 853 3653 quies,
879 3583 1086 3653 operamque
1109 3565 1260 3632 locamus

311 3686 469 3772 Assyriae
494 3687 736 3774 Aegyptoque,
759 3692 797 3757 et
818 3688 879 3756 vili
901 3689 1070 3756 vescimur
1092 3703 1179 3755 esca.

309 3811 460 3878 Crimina
482 3812 647 3879 maiorum
669 3812 794 3880 luimus
820 3812 950 3882 servire
972 3811 1082 3880 coacti

310 3936 504 4022 blancipiis3
528 3936 665 4004 redimit
686 3937 817 4019 nullus;
841 3954 971 4024 perque
992 3937 1087 4003 invia
1110 3935 1199 4002 ferro

221 4060 266 4126 65
308 4060 508 4136 Quaerimus
529 4061 685 4128 instructi
708 4062 848 4148 siliquas
869 4061 1063 4130 discrimine
1087 4061 1198 4126 vitae:

311 4183 445 4252 Esuries
467 4202 547 4252 nam
569 4183 644 4252 (lira
665 4185 805 4271 premit;
829 4187 1031 4276 matresque,
1046 4184 1244 4271 puellasque

313 4307 480 4394 (infanda
501 4309 585 4378 heu!
610 4309 742 4396 resero)
765 4312 953 4378 temeratos
973 4309 1084 4378 cernit
1106 4306 1213 4378 Iudas.

399 4433 452 4502 Sic
476 4433 624 4502 lacrimis
653 4434 823 4519 Solymum
855 4435 1109 4502 lamentabatur
1135 4429 1261 4499 obortis

311 4557 430 4626 'Pristis
452 4557 709 4626 Anatbotbides.
733 4558 862 4646 Flentis
884 4557 1106 4626 moestissima
1128 4555 1239 4624 desert
