3564 5376
691 541 802 593 uranu
823 543 974 592 unnrrvs
1387 528 1427 590 67

338 665 454 734 Miscet
475 683 584 754 aquae
605 669 741 750 Pastor,
765 667 981 754 sublimisque
1004 667 1139 735 insonat
1163 666 1318 751 hymnus.

339 791 436 858 Unda
457 791 517 858 Dei
537 809 634 859 sacra
656 808 716 879 per
738 791 879 862 verbum
900 791 1077 874 caelestis,
1111 793 1147 858 et
1168 791 1277 874 unda,

226 913 293 979 300
337 914 445 990 Quam
466 915 566 983 terris
587 918 785 985 venerenda
805 920 966 1003 premunt
988 916 1132 1002 vestigia
1152 915 1292 1000 Christi,

338 1041 452 1124 Unda,
474 1040 552 1109 altis
575 1061 662 1129 quae
686 1061 801 1129 pressa
823 1043 911 1128 iugis
933 1061 1002 1112 non
1025 1042 1207 1126 clauderis,
1230 1045 1267 1109 et
1290 1059 1375 1128 quae

339 1166 441 1234 lllidis
462 1167 635 1254 scopulos,
659 1188 723 1238 nec
746 1169 928 1256 frangeris,
953 1169 1100 1255 undique
1123 1187 1283 1254 magnam

338 1291 430 1367 Quae
446 1291 695 1382 ¹circumtundis
717 1296 862 1376 terram,
886 1311 950 1361 nec
973 1291 1089 1363 delicis
1110 1311 1277 1379 unquam,

339 1415 447 1491 Quam
469 1435 580 1504 neque
603 1417 807 1506 demergunt
828 1419 992 1486 immania
1012 1418 1164 1504 pondera
1185 1419 1336 1500 montes;

228 1541 295 1608 305
339 1543 427 1618 Quin
449 1543 554 1610 etiam
575 1546 671 1612 caelo
692 1543 843 1613 sublimis
864 1545 901 1611 in
923 1562 1002 1612 aere
1026 1543 1163 1629 pendes.

340 1670 405 1751 Tu,
428 1668 511 1736 luda
533 1669 703 1754 fugiente,
726 1670 843 1756 procul
865 1668 1010 1738 dissecta
1032 1669 1161 1738 recedis

341 1793 426 1860 Hinc
447 1797 551 1880 atque
574 1793 652 1860 hinc
677 1794 784 1862 menti
806 1794 940 1877 similis,
964 1812 1091 1881 perque
1113 1794 1209 1861 arida
1231 1795 1319 1862 sicco

342 1921 371 1984 lt
392 1919 501 1986 Moses
523 1920 729 2006 populusque
753 1921 855 2006 pede:
878 1938 919 1987 ac
942 1920 1000 1986 vix
1021 1918 1138 1988 accola
1159 1918 1224 1988 Nili

341 2045 465 2110 Tentat
487 2043 569 2126 iter,
592 2044 704 2132 perdis
726 2044 880 2114 resolutis
901 2043 1057 2112 fluctibus
1077 2044 1209 2128 hostes,

229 2167 296 2236 310
341 2169 416 2236 Una
437 2169 624 2255 eademque
644 2169 736 2238 salus
754 2169 858 2238 Israel
879 2172 916 2238 et
937 2169 1088 2238 criminis
1108 2169 1230 2252 ultrix;

340 2297 384 2362 Te
407 2312 508 2380 rupes
529 2312 688 2380 percusse
710 2295 833 2375 vomit,
859 2312 946 2363 neve
968 2293 1084 2362 abdita
1105 2295 1205 2363 Mosis

340 2418 482 2504 lmperio
505 2419 649 2506 refugis:
673 2419 828 2487 iucundis
850 2419 1010 2486 imbribus
1032 2435 1116 2486 arva

339 2543 531 2628 Facundus,
554 2543 709 2630 dulcique
732 2546 866 2612 aestum
888 2543 1053 2612 solamine
1075 2543 1163 2612 lenis
1170 2561 1179 2626 ;

339 2671 491 2738 Membra
513 2671 607 2738 leves
627 2672 746 2757 gratus
767 2670 865 2738 labiis
887 2670 1062 2739 arentibus
1080 2671 1219 2754 humor;

229 2799 296 2864 315
341 2801 390 2864 Tu
412 2796 509 2888 qenis
530 2801 641 2866 terrae
664 2799 828 2886 erumpis,
850 2816 1016 2885 cursuque
1040 2799 1183 2884 perenni

340 2925 532 2994 Visceribus
553 2925 662 2994 caecis
683 2925 824 3011 imisque
847 2925 1013 2994 meatibus
1035 2943 1130 2994 erras

340 3050 381 3114 Et
403 3065 535 3115 rursum
556 3047 630 3116 sine
652 3047 720 3116 dne
743 3046 837 3115 tluis:
860 3049 948 3114 bene
972 3047 1083 3114 sarusta
1105 3064 1300 3132 precemur,

341 3173 438 3240 Unda
459 3173 540 3255 Dei,
561 3189 694 3241 sacram
716 3172 837 3240 lustres
858 3189 950 3240 nunc
972 3172 1085 3240 omine
1108 3170 1222 3240 sedem

340 3298 442 3366 Felici
465 3301 501 3366 et
523 3298 592 3366 late
614 3297 752 3366 caelesti
774 3296 913 3368 flumine
935 3315 1045 3380 rores,

230 3425 297 3491 300
341 3423 383 3490 Et
403 3423 533 3490 tribuas
554 3425 644 3491 bona
664 3426 790 3492 cuncta
811 3425 914 3509 atque
938 3423 1048 3490 almae
1071 3440 1214 3491 munera
1237 3422 1338 3508 pacis.

340 3549 393 3616 Sic
414 3549 518 3616 Pater
539 3551 674 3633 orabat,
697 3552 894 3636 septemque
916 3548 1039 3616 altaria
1062 3549 1188 3615 circum

341 3675 533 3761 Insequitur
553 3675 698 3760 vicibus,
722 3675 897 3761 tunditque
920 3675 1099 3762 aspergine
1123 3673 1280 3760 lymphae

340 3802 447 3868 Multa
467 3818 627 3887 precans:
652 3803 761 3870 omnis
783 3801 893 3888 paries
915 3803 969 3870 ter
991 3800 1144 3868 funditur
1165 3799 1268 3867 aedis.

427 3929 564 3996 Interea
585 3927 707 3995 Christi
730 3929 872 3996 heroum
893 3944 990 3996 sacre
1011 3943 1086 3994 osse
1109 3925 1234 3993 feretro

231 4057 297 4124 325
341 4056 487 4140 Aptant,
509 4055 637 4122 auratis
660 4073 746 4142 quae
768 4053 876 4141 cingit
897 4071 1048 4140 purpura
1070 4051 1174 4120 vittis.

341 4181 555 4250 Praecedunt
574 4181 701 4263 sancti,
724 4181 849 4268 popule
870 4180 1053 4262 subeunte,
1077 4177 1225 4245 ministri
1332 4227 1336 4236 .

343 4309 392 4375 Ad
415 4325 593 4376 numerum
615 4307 730 4375 laudes
752 4308 912 4390 cantant,
936 4307 972 4373 et
993 4303 1120 4371 lumine
1143 4302 1204 4370 sist
1255 4305 1278 4370 t.

343 4434 424 4503 lnde
446 4435 567 4502 sedens
589 4433 677 4501 facili
701 4437 798 4520 peter
820 4434 906 4501 baec
933 4429 1137 4500 Laurentius
1158 4446 1216 4496 ere

340 4561 479 4646 Incipit:
503 4561 662 4646 Augustis
683 4579 769 4646 quae
792 4560 836 4628 sit
858 4557 1053 4628 reverentia
1075 4553 1210 4640 templis
