3472 5360
290 507 352 574 148
767 523 1008 576 nuurnunrnos

396 649 457 724 tlui
482 649 639 718 meritam
662 650 782 718 sceleri
804 650 864 717 dat
886 668 1050 736 poenam,
1074 650 1251 736 exemplar
1272 651 1308 718 iu
1324 669 1448 718 aevum

396 771 538 838 Munera
559 789 656 839 sacra
680 787 782 838 mauu
807 789 983 857 nunquam
1006 771 1167 840 violanda
1189 773 1313 858 rapaci.

287 897 351 962 [no
397 894 496 962 Plebs
521 893 607 978 fugit
630 895 781 977 interea,
804 893 898 962 silvis
919 894 1149 982 specubusque
1166 894 1340 981 profundis

395 1019 581 1102 occulitur,
605 1019 716 1105 potius
738 1019 807 1087 leto
830 1019 1050 1088 succumbere
1074 1023 1232 1106 prompta

397 1151 522 1229 Quam,
545 1163 649 1232 quum
670 1163 769 1214 sacra
790 1145 863 1213 dies
885 1144 994 1229 luxit,
1019 1144 1233 1230 praecingier
1254 1145 1367 1214 armis.

397 1271 461 1338 Sed
484 1269 623 1338 taudem
646 1271 793 1376 assurgit
814 1273 902 1340 Deus
923 1270 1032 1338 ultor:
1058 1271 1153 1356 regia
1174 1272 1254 1339 tabo

398 1396 549 1463 llembra
569 1399 721 1478 scatent,
753 1399 891 1482 totoque
914 1399 1098 1482 erumpunt
1121 1414 1261 1482 corpore
1283 1414 1426 1466 vermes.

289 1523 354 1590 525
399 1521 571 1607 Effugiant
593 1521 685 1588 acies
707 1521 798 1605 visu,
822 1521 1048 1607 miserumque
1072 1520 1281 1606 relinquunt.

400 1646 491 1713 Vicit
513 1646 605 1714 enim
628 1645 791 1726 Michael;
814 1645 978 1728 Michael‚
1002 1646 1059 1733 qui
1082 1646 1249 1714 maximus
1270 1648 1341 1714 alto

398 1775 424 1838 Ε
447 1769 541 1840 caelo
564 1771 721 1858 princeps
743 1772 881 1856 veniet,
908 1772 1057 1840 servabit
1080 1774 1116 1840 et
1138 1789 1275 1839 omnem

399 1895 601 1980 Progeniem
624 1893 811 1979 Isacidum,
840 1895 985 1963 meritae
1008 1895 1063 1962 cui
1086 1895 1240 1981 praemia
1262 1895 1363 1964 vitae.

485 2021 576 2088 Haec
599 2021 699 2102 mibi,
724 2021 780 2106 qui
804 2021 904 2088 niveo
927 2020 996 2087 lino
1020 2020 1266 2105 circumdatur,
1290 2021 1422 2108 iuquit,

289 2151 355 2215 530
399 2150 441 2216 et
464 2148 582 2215 mediis
603 2148 765 2231 surgebat
787 2146 899 2232 aquis:
924 2145 1004 2214 hinc
1027 2147 1181 2233 margine
1204 2149 1241 2215 et
1263 2145 1341 2213 iude

400 2273 575 2341 Flumineo
599 2273 696 2342 binos
716 2272 801 2341 alios
823 2277 935 2341 astare
959 2275 1126 2342 videbam.

403 2401 461 2471 1116
484 2403 600 2468 autem
623 2402 665 2468 ad
688 2401 818 2469 caelum
843 2399 972 2486 palmas
993 2399 1127 2468 extollit
1149 2403 1326 2486 utrasque,

401 2530 624 2613 'testaturque
648 2527 753 2594 Deum
775 2529 899 2594 cuncta
921 2528 1106 2609 eventura,
1130 2525 1289 2612 iubetque

402 2653 470 2720 Nos
492 2651 608 2719 animo
635 2650 775 2718 memori
798 2666 934 2718 servare
958 2649 995 2716 61
1016 2648 1162 2716 condere
1185 2650 1300 2716 verba.

292 2783 357 2848 535
402 2782 471 2846 Nec
493 2795 581 2866 quae
605 2776 783 2864 postremis
806 2775 945 2845 taudem
966 2777 1105 2844 servata
1127 2775 1244 2843 diebus

400 2907 586 2992 Erumpent
609 2907 786 2990 terrasque
810 2901 903 2970 cient
926 2904 1055 2971 terrore
1078 2900 1192 2969 silebo.

401 3036 546 3124 Tempus
568 3033 659 3100 enirn
682 3030 864 3115 adveniet,
887 3048 955 3116 quo
977 3048 1047 3097 uon
1070 3028 1218 3096 atrocius
1239 3027 1363 3108 ullum,

404 3161 445 3227 ut
468 3159 540 3228 lere
562 3176 650 3246 quae
675 3159 812 3226 luerunt
834 3157 935 3224 terris
956 3155 1059 3239 longe
1081 3153 1197 3222 omnia
1219 3154 1343 3221 vincet.

405 3287 491 3353 Nam
513 3303 599 3370 gens
622 3284 820 3370 ingentem
843 3282 928 3366 ruit,
950 3299 992 3349 ac
1015 3279 1191 3348 horrentia
1214 3278 1302 3346 bella

294 3415 359 3479 540
405 3411 557 3498 Undique
581 3409 815 3477 conscelerant
838 3408 990 3476 fraterno
1016 3405 1184 3492 sauguine
1208 3421 1365 3489 campos:

404 3537 465 3604 Hic
487 3535 641 3621 graditur
663 3551 794 3602 vesana
817 3533 940 3614 fames,
964 3530 1019 3598 hic
1042 3531 1168 3618 pallida
1190 3531 1308 3598 morbo

404 3662 576 3732 Postilitas
598 3661 700 3728 furit:
724 3661 779 3728 hic
801 3660 878 3757 imis
900 3659 1032 3744 agitata
1054 3657 1192 3728 latebris

404 3789 601 3858 concutitur
623 3787 724 3856 tellus
744 3789 908 3872 vastoque
930 3784 1075 3852 dehiscit
1096 3785 1213 3866 hiatu:

407 3915 562 3984 intremit
584 3913 735 3982 horribili
757 3913 871 3980 souitu
893 3929 1005 3996 mare,
1029 3912 1139 3997 mugit
1161 3915 1197 3980 et
1219 3913 1337 3993 aestu:

297 4045 361 4111 545
406 4047 502 4110 Luna
524 4058 642 4109 cruore
666 4040 780 4123 rubet,
805 4039 1032 4124 convulsaque
1056 4038 1167 4106 sidera
1189 4037 1284 4107 caelo

408 4167 656 4252 Praecipitant,
680 4170 782 4250 caput
803 4167 839 4232 et
861 4163 968 4248 nigris
988 4163 1047 4230 sol·
1060 4162 1193 4250 obtegit
1214 4163 1356 4243 umbris;

305 4325 309 4330 ·
408 4293 556 4378 Fulgura
576 4307 646 4358 non
667 4291 768 4373 alias,
791 4289 914 4376 populo
936 4289 1147 4375 trepidante,
1181 4305 1302 4358 sereno

407 4421 591 4487 Intonuere
614 4417 712 4503 polo;
735 4415 878 4484 flammis
900 4415 1107 4483 torrentibus
1128 4415 1256 4493 omnis,

409 4544 533 4612 Ultima
556 4561 703 4630 namque
726 4541 937 4627 desurgat,
961 4541 1171 4609 consumitur
1192 4539 1289 4608 orbis.
