3564 5376
341 517 384 584 70
807 529 1068 583 urcnrnunroos
1157 535 1159 538 ·

419 663 421 667 ’
449 662 628 732 Frontibus
649 661 800 732 Ezechiel
823 662 1044 748 inscriptum,
1066 663 1106 729 ut
1128 659 1241 729 letit'er
1264 662 1353 729 ensis

338 791 404 856 395
449 789 599 858 Vindicis
621 789 765 878 Aligerij
790 788 924 877 quando
946 787 1057 873 replet
1079 787 1195 854 omnia
1217 786 1326 872 luctu,

447 914 628 996 Transeat,
651 915 687 980 et
711 915 809 980 tanta
829 912 982 997 signatos
1003 910 1108 978 caede
1131 913 1292 978 reservet.

450 1037 622 1122 Insignem
643 1039 772 1122 pietate
793 1038 904 1103 virum
926 1037 983 1104 sed
1007 1052 1148 1103 munere
1170 1035 1258 1103 ditat

451 1164 620 1248 Nusquam
644 1162 801 1231 exaudito
824 1160 986 1244 Michael;
1010 1177 1091 1228 nam
1113 1178 1197 1247 rupe
1219 1163 1280 1228 sub
1302 1161 1373 1228 alta

449 1287 583 1356 Arcano
604 1289 738 1355 recreat
759 1287 850 1368 visu,
874 1289 909 1354 et
932 1285 992 1353 dat
1013 1285 1156 1353 vulnera
1177 1285 1309 1354 Christi.

341 1413 405 1478 400
536 1411 599 1480 Sed
622 1412 761 1480 tremitu
783 1412 883 1480 tellus
903 1391 996 1480 labat
1018 1413 1055 1478 et
1075 1428 1232 1478 succussa
1253 1410 1410 1493 dehiscit,

450 1534 554 1600 Tecta
573 1537 693 1617 ruunt,
717 1533 919 1620 fugiuntque
941 1533 1009 1600 acti
1033 1531 1212 1612 formidine
1234 1533 1334 1602 cives.

447 1661 521 1728 Heu
542 1658 727 1744 Sipontini,
750 1677 827 1727 mea
849 1658 962 1726 dulcia
984 1658 1145 1742 pignora,
1177 1659 1266 1741 nati,

450 1783 584 1851 Parcite
617 1781 754 1867 flagitiis
783 1783 818 1850 et
841 1782 929 1850 iussa
953 1783 1108 1850 facessite
1131 1783 1260 1849 Divum.

446 1909 521 1976 Heu
541 1907 687 1991 scelera,
710 1907 779 1974 heu
801 1906 928 1975 clades!
953 1925 1109 1975 eversam
1133 1906 1284 1974 funditus
1305 1911 1439 1992 urbem,

339 2033 404 2098 405
448 2033 667 2117 Desertosque
689 2015 794 2113 locos,
817 2031 1018 2118 desertaque
1041 2031 1142 2100 litora
1164 2049 1286 2112 cerno;

447 2155 511 2224 Sed
533 2175 624 2225 nova
645 2157 714 2224 iam
735 2159 880 2241 surgunt
903 2156 992 2224 felici
1016 2156 1151 2224 moenia
1172 2159 1292 2242 coepto

447 2283 543 2348 Haud
566 2281 698 2367 procul,
722 2283 825 2367 atque
848 2300 937 2349 novo
959 2280 1119 2348 dicuntur
1141 2282 1279 2349 nomine
1302 2283 1401 2368 regis.

449 2405 512 2474 Sed
533 2424 600 2492 quo
622 2409 737 2475 mente
760 2406 870 2474 ferort
893 2409 1011 2494 teque,
1033 2425 1054 2474 o
1076 2405 1256 2476 fortissime
1279 2407 1457 2493 Princeps,

449 2535 651 2615 Praetereo,
674 2534 824 2600 nostram
847 2531 903 2618 qui
926 2535 1087 2617 praesens
1108 2531 1228 2599 incolis
1247 2530 1384 2600 aedem!

338 2659 402 2724 410
447 2657 532 2735 Quid
555 2675 740 2726 memorem
763 2660 823 2725 tua
845 2656 958 2724 factal
979 2659 1056 2724 tuas
1077 2657 1151 2742 quis
1173 2658 1285 2725 dicere
1309 2658 1425 2728 laudes

448 2783 526 2851 Rite
548 2782 661 2851 valeti
683 2782 778 2851 caelo
800 2781 1000 2868 devictaque
1024 2782 1151 2868 praelia
1172 2783 1274 2850 terris

447 2908 527 2985 Quis
549 2907 676 2977 reseret
707 2909 887 2994 partesque
916 2907 1058 2976 immani
1080 2925 1123 2976 ex
1146 2909 1242 2976 hoste
1265 2907 1473 2993 triumphosi

447 3037 513 3102 Per
535 3034 668 3102 deserta
689 3034 838 3104 Arabum
860 3033 934 3102 loca
955 3033 1022 3099 dun
1044 3035 1260 3118 peragrantis
1280 3034 1383 3103 Iudae

448 3163 496 3227 'ln
519 3159 623 3228 fortes
644 3159 868 3244 populumque
902 3157 1013 3243 praeis
1041 3177 1223 3245 servasque
1244 3159 1393 3246 periclis3

338 3289 403 3354 415
446 3285 538 3354 Bella
559 3285 666 3372 geris3
691 3289 786 3353 losue
808 3285 1013 3352 monstratas
1035 3284 1171 3371 auspice
1195 3287 1293 3354 tanto

342 3437 347 3448 ·
446 3411 639 3498 Ingreditur
662 3413 770 3478 terras
792 3411 917 3492 victor3
940 3426 1010 3477 non
1032 3411 1172 3496 agmina
1195 3411 1286 3480 mille

447 3536 537 3604 llille
560 3538 661 3606 duces
682 3535 862 3618 chanaan,
887 3552 956 3602 non
979 3553 1075 3604 arma
1096 3536 1231 3605 insensa
1253 3543 1437 3607 morantur.

447 3662 533 3738 Quid
554 3662 650 3730 iuvat
671 3661 835 3728 immenso
857 3661 1079 3746 praecingere
1102 3662 1239 3731 moenia
1260 3663 1350 3732 vallo

448 3787 578 3870 Ardua,
601 3787 637 3853 et
658 3786 817 3872 ingentes
838 3785 1026 3853 munimine
1048 3786 1194 3854 condere
1217 3787 1348 3855 turrest

341 3916 406 3982 420
449 3911 573 3981 Infelix
595 3909 739 3980 Iericho!
763 3909 893 3996 clangit
913 3929 1010 3979 sacra
1032 3913 1173 3979 buccina
1195 3915 1343 3999 septem,

447 4039 489 4106 st
509 4037 639 4122 septem
660 4033 788 4102 vicibus
810 4035 991 4103 mirantem
1013 4037 1183 4104 exercitus
1204 4039 1322 4106 urbem

444 4162 621 4231 circumit:
645 4162 682 4228 et
703 4161 791 4227 muri
813 4161 881 4228 cito
902 4161 1104 4247 praecipites
1125 4166 1357 4249 procumbunt.

447 4286 650 4355 Christiadas
671 4285 762 4354 acies
783 4287 883 4354 ducet
907 4284 1105 4354 fortissimus
1127 4287 1242 4370 heros3

447 4415 639 4483 Vincuntur
662 4417 801 4498 Persae,
824 4415 901 4482 divo
923 4415 1060 4500 perlusa
1081 4435 1200 4484 cruore

339 4541 403 4606 425
446 4541 626 4609 Barbarica
647 4541 736 4610 Crux
758 4543 858 4628 rapta
879 4558 984 4610 mann
1004 4542 1052 4610 sic
1074 4543 1223 4626 reddita;
1246 4544 1372 4630 templo
