3564 5376
683 525 795 578 LIBER
827 525 1007 578 SECVNDVS

352 653 457 720 Fama
489 655 541 720 est
571 653 738 722 immanes
759 655 829 723 ima
851 653 973 723 tellure
997 654 1150 722 colubros

352 777 484 860 Exisse,
513 781 551 847 et
572 779 707 848 rabidos
738 797 874 868 spumas
896 780 1094 866 saniemque
1117 781 1295 848 vomentes

353 903 525 973 Mortifero
548 905 652 972 tontis
673 905 792 974 latices
809 903 994 975 temerasse
1017 922 1160 974 veneno.

242 1029 308 1095 430
350 1030 437 1096 Hinc
459 1031 539 1098 dum
554 1030 628 1100 dira
649 1031 723 1099 sitis
746 1033 898 1118 torquet,
921 1032 1002 1100 dum
1023 1048 1128 1100 saeva
1150 1031 1251 1098 libido

238 1247 242 1256 ·
354 1157 460 1240 Urget
480 1156 588 1224 dulcis
608 1173 736 1244 aquae,
759 1156 946 1244 gelidisque
969 1157 1116 1226 levarier
1134 1157 1249 1243 undis,

354 1283 519 1352 lenimen
541 1283 721 1352 miserum!
746 1283 841 1351 venit
864 1301 955 1351 mors
975 1287 1068 1365 atra,
1098 1283 1293 1369 priusquam

353 1408 403 1475 Sit
425 1408 536 1476 laticis
558 1409 628 1477 cari
650 1408 748 1477 labiis
770 1409 908 1494 expleta
929 1407 1094 1495 voluptas.
1195 1471 1200 1476 .

352 1534 522 1604 Sternitur
544 1536 748 1605 immensum
771 1536 912 1622 vulgus,
935 1537 1030 1605 velut
1052 1537 1181 1605 arboris
1203 1538 1294 1606 altae

243 1659 310 1725 435
353 1661 520 1730 Excussae
544 1662 647 1730 ramis
669 1662 828 1747 glandes,
859 1665 897 1730 et
919 1663 1068 1749 passibus
1090 1664 1207 1749 aequis

354 1786 486 1854 Incedit
508 1805 615 1871 mors,
638 1789 742 1873 atque
764 1788 887 1855 aurata
908 1787 1037 1874 palatia
1059 1788 1171 1875 pulsat

352 1909 600 1997 Sordentesque
622 1929 733 1995 casss;
767 1911 836 1979 iam
860 1929 951 1980 nnnc
973 1911 1069 1980 deest
1091 1914 1225 1998 tempus
1247 1913 1426 1982 humandis

351 2033 567 2120 Corporibus:
598 2035 707 2120 magis
728 2035 810 2102 hinc
832 2035 996 2121 putrescit
1019 2034 1152 2104 tabidus
1173 2054 1250 2119 aer,

353 2163 396 2230 Et
419 2164 519 2230 nocet
542 2161 677 2247 afflatu,
700 2163 804 2248 atque
827 2164 958 2246 augent
979 2163 1140 2246 contagia
1162 2163 1261 2230 vires.

242 2287 310 2353 440
354 2288 438 2356 Dein
461 2287 519 2354 vix
541 2287 720 2356 solvuntur
743 2287 901 2356 funebria
922 2286 1012 2356 inusta
1034 2288 1235 2374 peremptis,

353 2409 443 2479 Aera
464 2413 600 2496 tacent,
630 2410 745 2480 sonitu
765 2411 878 2479 luctus
900 2427 944 2478 ne
968 2410 1113 2479 luctibus
1133 2411 1271 2479 addant.

350 2538 489 2604 interea
510 2540 610 2605 tanta
631 2536 780 2622 percussi
803 2535 898 2604 clade
930 2535 1077 2612 Quirites

350 2662 503 2730 orabant
524 2663 663 2732 veniam
684 2661 848 2744 lacrimis,
869 2663 910 2740 ,et
931 2661 1060 2748 templa
1081 2661 1241 2732 subibant

351 2787 487 2856 Solliciti
510 2787 614 2872 largis
635 2787 847 2855 cumulatum
868 2785 993 2855 altaria
1012 2786 1117 2856 donis

238 2913 305 2979 445
349 2911 459 2988 Quum
482 2915 534 2980 tol
556 2911 681 2980 damna
704 2914 864 2998 premant
884 2913 1045 2995 miseros,
1079 2913 1131 2980 est
1153 2929 1223 2981 una
1245 2912 1404 2981 levamen

349 3037 499 3123 Religio,
522 3040 707 3124 properant
728 3037 816 3105 sacri
835 3037 952 3104 divina
975 3037 1118 3104 ministri

348 3163 500 3246 Auxilia,
523 3163 612 3231 haud
634 3165 780 3230 mortem
802 3162 920 3243 veriti,
945 3163 1026 3231 dum
1047 3165 1163 3231 cetera
1184 3163 1295 3250 carpit

348 3288 460 3357 Turba
482 3289 615 3375 lugam,
638 3289 736 3356 donis
757 3289 909 3358 mulcent
931 3287 1132 3356 caelestibus
1153 3308 1283 3376 aegros

435 3413 602 3484 Maximus
623 3415 769 3483 indoluit
801 3417 941 3498 Pastor,
963 3433 1068 3500 quum
1091 3415 1219 3484 civibus
1241 3416 1359 3484 urbem

238 3543 305 3610 450
347 3542 557 3611 Exhaustam
579 3542 681 3627 vidit,
704 3542 788 3609 nulli
810 3544 879 3610 stat
900 3560 1042 3629 parcere
1065 3559 1167 3613 curae

347 3668 494 3738 Sollicito
517 3669 626 3755 patri:
650 3670 790 3738 miseros
818 3688 901 3738 nam
918 3670 1014 3754 visit,
1038 3689 1163 3758 eosque

348 3795 507 3864 Subsidiis
528 3798 564 3864 et
585 3815 649 3882 ope
672 3799 708 3864 et
730 3796 843 3866 verbis
863 3796 992 3865 solatur
1013 3797 1147 3880 amicis,

348 3921 390 3989 Et
411 3921 554 4008 supplex
576 3921 703 4008 templo
725 3921 887 3990 caelestia
909 3921 1052 3990 numina
1073 3923 1190 4010 poscit.

349 4046 449 4115 Nulla
471 4050 610 4116 movent
631 4064 769 4133 superos
792 4050 889 4130 vota,
923 4049 960 4116 et
982 4048 1065 4116 furit
1092 4049 1246 4134 improba
1267 4049 1379 4134 pestis

237 4173 302 4240 455
346 4175 434 4257 Ergo
456 4172 626 4240 solemnes
648 4173 733 4240 ritus
755 4172 981 4259 populumque
1013 4173 1227 4260 frequentem

347 4301 467 4368 Pastor
488 4298 576 4366 inire
599 4315 717 4384 preces
740 4297 833 4366 iubet
858 4301 963 4385 atque
984 4316 1185 4384 expromere
1209 4301 1336 4366 votum.

346 4425 462 4493 Omnis
482 4426 625 4511 septeno
646 4423 801 4509 graditur
823 4425 918 4510 plebs
940 4425 1079 4493 ordine:
1103 4424 1248 4510 primum

346 4551 472 4621 Sancta
492 4552 706 4621 sacerdotum
728 4569 869 4622 manre:
900 4553 963 4620 hos
984 4551 1075 4620 inter
1096 4550 1212 4636 gravis
1234 4568 1293 4618 ore
