3472 5360
640 549 751 600 LIBER
774 548 953 600 SECVNDVS

301 679 454 748 Consiliis
474 678 589 762 agitur
613 675 804 760 variisque
826 673 968 741 tendere
991 672 1094 758 possit

302 806 407 870 Tutus
428 801 511 871 iter:
535 799 644 868 menti
666 815 740 866 sese
763 815 856 864 nunc
878 797 1043 864 Hernicus
1065 797 1184 874 offert,

301 926 460 995 Proxima
483 925 574 992 nuno
596 924 743 990 subeunt
766 921 854 989 Latii
876 921 969 1002 loon,
994 921 1127 1006 longior
1150 925 1185 988 et
1209 939 1298 988 nuno

190 1055 255 1121 365
300 1051 482 1138 Campanis
504 1051 579 1117 visa
601 1050 654 1116 est
674 1047 777 1115 statio
800 1045 961 1114 fidissima
983 1046 1087 1132 pagis.

302 1179 441 1262 Iamque
464 1173 712 1261 propinquabat
734 1171 883 1256 templo,
908 1171 997 1257 quod
1020 1170 1150 1237 romula
1173 1171 1279 1238 virtus

299 1301 447 1368 Gradivo
469 1297 641 1368 extulerat
667 1295 788 1378 Marti,
811 1296 880 1362 dux
904 1296 994 1362 unde
1018 1295 1232 1381 triumphans

299 1424 420 1492 Suetus
441 1423 516 1490 erat
538 1420 674 1506 plausus
695 1419 786 1486 inter
807 1418 1053 1504 strepitumque
1075 1421 1233 1486 tubarum

300 1552 391 1618 Vota
413 1547 542 1616 reterre
565 1545 653 1612 Iovi:
676 1547 715 1612 at
736 1544 821 1611 ritus
843 1546 880 1612 et
903 1542 985 1610 lana
1005 1560 1144 1628 perosus

190 1655 261 1742 370
301 1673 438 1741 Avertit
461 1671 583 1740 faciem
605 1669 728 1738 senior.
759 1671 845 1736 'lum
867 1667 942 1736 luee
965 1685 1105 1736 corusca

298 1801 433 1868 Sistitur
456 1797 658 1885 improviso,
683 1800 718 1864 et
741 1795 894 1864 Christus
916 1796 1007 1864 visus
1028 1799 1163 1866 adesse:

302 1927 448 1994 Moestus
470 1927 565 2008 erat,
590 1924 645 1992 dio
668 1939 872 2009 quamquam
896 1923 1090 1993 mitissimus
1111 1943 1191 2006 ore,

301 2053 393 2120 Crux
416 2050 585 2130 humeris,
610 2048 778 2136 rubroque
799 2050 940 2136 patebat
961 2053 1081 2135 pectus
1103 2050 1198 2118 biatu

303 2176 564 2262 transfixaeque
587 2193 708 2243 manus
730 2177 766 2242 et
787 2176 891 2243 acuta
915 2177 1051 2262 cuspide
1073 2176 1222 2262 plantae.

195 2303 258 2368 :375
302 2299 481 2384 Obstupuit
502 2299 576 2365 visu
598 2297 712 2365 Simon
735 2302 771 2366 et
794 2298 920 2383 poplite
943 2297 1047 2370 llexo:

302 2429 375 2502 Quo
397 2428 453 2508 te,
476 2425 618 2508 Sancte,
646 2423 769 2509 pedes,
792 2423 975 2493 lacrimans
996 2427 1173 2512 quaesivit.
1199 2428 1244 2494 ,lt
1267 2427 1339 2495 ille:

289 2554 346 2620 'Ut
368 2569 501 2619 rursum
523 2551 648 2635 infigar
670 2554 791 2620 trunco
814 2551 895 2618 mihi
919 2570 1055 2636 gressus
1077 2555 1120 2621 ad
1143 2553 1277 2622 Urbem.

302 2679 362 2746 His
383 2679 505 2746 Petrus
527 2677 674 2761 obriguit
695 2679 794 2746 dictis
816 2681 919 2764 atque
941 2679 1057 2747 omina
1079 2681 1173 2747 novit
1185 2699 1194 2761 ;

304 2807 377 2875 Vox
399 2806 540 2889 haeret,
563 2807 659 2874 vario
682 2807 868 2876 miscentur
889 2810 1028 2893 portora
1055 2813 1157 2877 motu.

194 2937 257 3001 380
301 2936 346 3001 Αἱ
368 2937 406 3002 tu
428 2934 540 3019 pande
563 2933 647 3000 mibi
669 2935 726 3020 qui
749 2951 888 3015 sensuS,
913 2934 1056 3021 Spiritus
1078 2936 1190 3018 alme,

303 3059 444 3128 Divinae
466 3058 593 3128 Sobolis
615 3059 744 3128 fuerint
764 3077 959 3147 arcanaque
982 3064 1107 3145 verba,

302 3187 395 3262 Quae
418 3185 570 3268 latuere,
596 3187 677 3253 mibi
700 3187 803 3254 liceat
824 3187 975 3272 prolerre
997 3189 1058 3255 sub
1081 3206 1181 3256 auras

305 3311 414 3398 Atque
436 3313 555 3396 ignota
576 3312 684 3397 loqui:
709 3311 826 3379 timido
847 3311 895 3379 sio
918 3330 1001 3398 ergo
1024 3313 1193 3398 profatur:

304 3436 390 3514 Quid
412 3438 555 3520 motuis,
580 3438 681 3523 quid,
704 3440 826 3521 Petro,
851 3438 958 3524 iugis,
983 3439 1061 3525 quid
1083 3440 1209 3509 deseris
1232 3441 1374 3528 Urbem,

193 3565 258 3632 385
303 3563 376 3640 Quo
398 3563 503 3631 semol
525 3566 629 3649 atque
652 3563 777 3631 iterum
799 3565 923 3633 venisti
948 3565 1087 3633 numine
1110 3565 1246 3633 nostro?

303 3692 456 3776 Namque
480 3690 699 3758 trementium
721 3691 831 3758 adhuc
853 3691 1040 3777 asperrima
1061 3691 1147 3759 silva
1171 3693 1319 3760 serarum

302 3815 522 3900 Oceanusque
546 3813 663 3882 iurans
684 3817 767 3882 atris
788 3815 948 3901 aquilone
971 3817 1144 3902 procellis,

303 3941 380 4007 Mox
405 3939 545 4028 placidis
566 3940 671 4008 stabit
692 3941 806 4008 ventis
829 3959 943 4023 mare,
967 3961 1044 4010 rore
1066 3960 1213 4028 superno

304 4067 483 4148 Perfusus,
508 4067 607 4136 laetis
627 4067 790 4152 pubescet
812 4067 936 4136 letibus
957 4067 1084 4136 hortus.

193 4197 257 4265 :390
302 4197 478 4282 Ingratum
501 4193 607 4281 repuli
630 4193 800 4280 solymam
823 4195 1050 4282 populumque
1077 4195 1254 4263 rebellem:

304 4323 394 4391 Anto
416 4339 536 4390 omnes
557 4322 647 4390 hano
669 4339 782 4388 earam
806 4321 895 4407 elegi
917 4340 936 4389 e
961 4321 1105 4390 millibus
1127 4322 1264 4405 urbem,
1332 4365 1344 4388 0

301 4448 465 4518 Gentibus
486 4449 524 4514 nt
546 4448 673 4534 praesit
695 4466 795 4533 mage
817 4466 918 4535 quam
941 4449 1135 4516 victricibus
1156 4451 1259 4518 armis

303 4574 482 4661 Religione
505 4575 646 4661 potens,
670 4571 744 4640 veri
767 4573 846 4640 hinc
869 4571 926 4639 lux
949 4573 1040 4641 alma
1062 4573 1209 4660 refulget
