3576 5376
327 467 392 532 410

876 487 989 538 vniun

435 611 476 677 ut
498 627 704 696 quemquam
725 615 905 680 aeternum
932 613 1044 682 iaceat
1065 631 1157 682 nunc
1179 630 1240 681 ore
1260 611 1394 697 silenti,

519 739 593 804 Iam
615 738 781 823 quantum
802 742 855 808 est
877 739 967 808 fatus
990 758 1061 809 non
1083 740 1228 810 reticere
1250 741 1371 826 potest„

888 988 968 1054 XIV

639 1235 676 1284 ru
700 1234 877 1285 rvuvnvu
899 1235 1078 1288 cvrvsnuu
1100 1236 1213 1288 nvnru

437 1451 499 1518 Hie
519 1449 604 1518 situs
626 1448 806 1536 nunspes,
829 1466 932 1517 nemo
955 1468 1056 1536 quem
1079 1449 1173 1518 flevit
1195 1452 1410 1540 ademptum:

524 1574 643 1644 Nullus
665 1573 794 1642 amicus
814 1574 929 1657 enim,
953 1577 1091 1660 praeter
1112 1592 1214 1661 opes,
1238 1575 1360 1644 merei

900 1822 966 1890 XV

525 2071 720 2123 mururuvu
743 2069 934 2122 Pflunnmrs
958 2071 997 2121 m
1020 2069 1190 2121 HOMINEM
1206 2072 1337 2122 IMPIVM

439 2287 531 2354 More
553 2286 609 2372 pio
631 2283 762 2368 Phyllis
781 2285 862 2352 dum
884 2287 1039 2352 sanctam
1053 2283 1218 2352 inviseret
1238 2285 1379 2367 aedem,

527 2409 653 2497 Impius
674 2411 711 2476 et
731 2409 840 2478 nitido
862 2425 1002 2495 eorpore
1026 2407 1162 2495 pinguis
1184 2409 1250 2476 ait:

440 2532 525 2612 Quid
548 2537 682 2619 tempus
704 2532 830 2602 frustra
856 2533 961 2602 tenisi
989 2532 1080 2601 haud
1103 2531 1193 2600 hene
1216 2532 1288 2619 ipse
1310 2534 1416 2620 petivi

528 2659 697 2745 Usquam3
720 2675 823 2728 cerne
845 2661 964 2728 temen
984 2657 1113 2727 viribus
1134 2660 1174 2726 ut
1195 2658 1339 2729 valeam.

442 2783 525 2852 Illa:
548 2781 641 2851 Nihil
663 2783 786 2850 mirum
808 2782 909 2866 mihi,
933 2799 1013 2849 nam
1037 2785 1072 2850 te
1095 2781 1254 2870 pinguior
1276 2786 1328 2850 est
1350 2801 1407 2852 sus

530 2909 573 2976 ut
594 2907 734 2991 melior,
758 2925 934 2995 nunquam
956 2908 1013 2995 qui
1036 2926 1134 2977 sacre
1155 2908 1287 2995 temple
1307 2909 1405 2977 subii„

893 3158 975 3226 XVI

666 3408 704 3458 1u
727 3405 892 3458 enunrvu
914 3405 1045 3462 uuuvu
1066 3405 1211 3458 ronruu

445 3627 552 3694 Nocte
573 3626 635 3692 sub
657 3623 798 3692 obseura
819 3623 936 3691 scribis
957 3625 1018 3691 tua
1039 3622 1211 3705 carmina,
1235 3625 1340 3692 Gelli:

533 3749 643 3834 Digne
664 3748 800 3835 quidem
821 3747 964 3816 obseura
986 3746 1140 3816 carmina
1165 3751 1267 3816 noete
1290 3749 1407 3835 premi.

890 3997 987 4064 XVII

549 4260 802 4313 SOIOTHBRIGON
824 4260 906 4312 SIVE
929 4261 1165 4312 flonouourvu
1187 4262 1327 4315 sounku

450 4478 604 4563 Quisquis
625 4476 727 4559 ades,
759 4476 875 4544 videas
897 4479 1031 4563 tempus
1053 4479 1101 4545 nil
1124 4497 1220 4564 posse
1243 4479 1388 4547 morari:

536 4602 605 4670 Fae
628 4604 733 4682 bona,
758 4618 907 4687 namque
929 4603 1020 4692 dies,
1044 4605 1129 4672 haee
1152 4604 1246 4672 velut
1267 4605 1396 4690 umbra,
1421 4604 1517 4692 sugit.
