3576 5376
796 573 910 623 verus
1393 555 1459 622 399

362 694 485 761 Omnia
507 695 600 763 enim
624 689 730 763 turbis
751 697 946 765 miscentur·
960 699 995 764 et
1018 696 1133 764 omnia
1155 696 1268 766 luctu:

253 819 316 885 120
360 820 477 888 Saevit
497 820 620 906 ubique
642 820 818 908 agitatque
843 821 933 889 seces
954 821 1094 888 immitis
1115 821 1272 906 erynnis,

360 945 480 1031 Spreta
503 946 570 1013 heu
592 945 731 1031 religio!
756 945 861 1014 sacris
881 946 1016 1014 deserta
1039 945 1218 1029 ministris,

362 1069 502 1156 Temple
523 1070 583 1138 Dei
606 1071 729 1157 passim
752 1070 867 1158 spoliis
888 1071 1073 1139 viduantur
1094 1069 1216 1154 sevitie,

361 1194 504 1262 Pellitur
525 1199 562 1262 et
583 1194 740 1264 claustris
762 1195 868 1281 virgo.
891 1197 1003 1278 Loco,
1026 1195 1171 1263 dedecus
1193 1195 1305 1280 urbis,

361 1318 486 1404 Turpia
510 1319 632 1405 cuique
654 1321 785 1405 petent
809 1319 960 1388 Florenti
983 1336 1064 1386 vere
1086 1319 1267 1404 inventus,

254 1441 316 1507 125
361 1443 524 1527 Indignor
545 1442 718 1512 reserens!
742 1442 862 1512 studiis
883 1445 1040 1529 reptatur
1062 1443 1207 1530 iniquis,

361 1569 547 1654 Progenies
568 1569 664 1637 Italis
685 1569 845 1637 vitiosior.
869 1570 897 1636 Ο
920 1571 1010 1638 bone
1032 1570 1159 1652 Meter,

361 1695 388 1761 0
412 1695 538 1780 Virgo,
560 1695 647 1763 effer
669 1713 769 1782 opem
781 1713 790 1778 ;
814 1695 920 1764 roseis
940 1696 989 1765 sic
1009 1699 1092 1763 vola
1113 1694 1248 1763 corollis

362 1817 537 1903 Nectimus
557 1821 698 1887 orentes
719 1823 873 1888 extremo
896 1837 1059 1906 vespere:
1082 1821 1131 1888 sic
1153 1823 1188 1888 te

362 1943 600 2031 Prosequimur
622 1944 786 2029 precibus
810 1945 874 2012 Sed
897 1946 986 2028 iem,
1011 1945 1202 2014 dulcissime
1225 1946 1363 2029 Frater,

255 2067 316 2133 130
359 2067 454 2135 Finis
474 2068 620 2154 epistolii
641 2070 706 2152 sit,
730 2069 808 2136 finis
830 2087 978 2156 nemque
1001 2070 1077 2139 diei.

970 2333 1078 2370 cunnum
1094 2331 1155 2370 ΙΑΠΙ
1170 2333 1208 2370 ΔΙ.
1224 2333 1358 2368 ΜΠ.

321 3553 354 3612 ll)
369 3551 478 3612 Oppidum
494 3551 523 3598 ed
539 3563 617 3599 norem
633 3551 703 3598 millis
718 3561 823 3610 potuum
838 3547 868 3595 ub
888 3547 943 3594 urbe
959 3547 1024 3594 Aesio
1039 3546 1068 3594 sd
1084 3547 1227 3596 occidentem.

320 3633 353 3692 (2)
369 3632 440 3692 Prope
454 3631 559 3691 oppidum
574 3633 599 3678 in
614 3631 769 3678 amoeniumo
784 3630 847 3676 collis
862 3629 914 3685 iugo
929 3629 974 3675 site
989 3629 1025 3674 eet
1040 3628 1118 3674 villule
1134 3627 1259 3676 Gurdinulis
1275 3629 1377 3690 Episcopi
1390 3631 1450 3677 alesi-

259 3715 360 3772 mtium,
375 3715 440 3762 eedee
455 3715 508 3762 olim
523 3714 613 3760 ditionis
630 3714 724 3761 Albulis
739 3713 763 3760 S.
778 3711 901 3760 Benedicti.

319 3793 352 3852 (3)
368 3793 461 3842 Pedium
476 3793 500 3841 S.
516 3793 631 3849 unctu
647 3793 750 3852 oppidum
766 3804 834 3852 prope
850 3791 928 3838 Arcem
944 3791 1068 3838 Plsninum.

320 3874 388 3934 (4)ss
412 3875 466 3920 villu
481 3873 605 3921 Gurdinulie
626 3873 730 3932 Episcopi
752 3874 827 3932 procul
846 3873 952 3932 superet,
972 3871 1107 3919 occidentem
1127 3883 1214 3928 versus,
1238 3872 1346 3920 bifurcum
1362 3872 1450 3922 Cetriue

259 3955 342 4003 nones
356 3955 485 4013 remigum,
499 3966 544 4014 quo
559 3955 652 4002 meent
667 3955 752 4002 nete
767 3953 906 4012 numen,
922 3955 949 4001 ut
963 3955 987 4001 u
1003 3938 1206 4001 mononem
1222 3953 1342 4001 eruum
1358 3955 1450 4001 mune

195 4071 200 4080 .
259 4037 388 4084 Comoedias
403 4049 492 4097 operum
508 4037 579 4084 duret

320 4117 353 4176 (ὅ)
369 4115 475 4164 Secerdee
490 4116 583 4162 loannes
598 4115 757 4172 lumbaldus,
773 4113 871 4162 iussere
886 4113 963 4160 cesino
978 4111 1101 4162 seminario
1111 4112 1202 4160 Rhetor.

322 4198 355 4256 (6)
371 4197 395 4245 P.
411 4196 489 4256 loseph
506 4196 601 4254 Fidelis,
617 4208 702 4242 cnmers
716 4208 730 4242 e
745 4195 854 4244 Coenobio
868 4195 944 4243 aesino
959 4193 1072 4242 Seduliuru
1093 4193 1250 4254 Copuletonrm
1274 4193 1297 4242 S.
1321 4193 1448 4252 Paneuei,

259 4277 381 4336 theologice
396 4279 478 4324 Doctm
493 4277 517 4324 in
532 4289 594 4324 encre
610 4276 740 4324 Semimric.

321 4357 354 4417 (7]
370 4356 477 4404 Secsrdos
492 4357 585 4403 Sanctae
600 4354 792 4413 Precicchiunine,
807 4355 831 4402 lu
846 4353 969 4402 cuthedmli
984 4353 1085 4402 nereus
1101 4353 1272 4411 emmonem,
1289 4355 1313 4400 et
1328 4353 1387 4413 opud
1404 4355 1448 4402 Au·

259 4439 342 4486 ctorem
357 4438 542 4486 coeremoniarum
557 4437 671 4494 Megisten

205 4535 207 4540 ’
321 4521 353 4579 (8)
369 4519 443 4566 lledie
458 4519 503 4566 tere
518 4519 555 4566 rie
570 4519 630 4566 inter
644 4518 737 4565 Pedium
753 4517 776 4565 S.
792 4517 889 4565 Marcelli
906 4519 930 4564 et
945 4519 1023 4564 Arcem
1039 4515 1168 4574 Pleninnm,
1184 4514 1307 4562 aediculam
1323 4515 1364 4563 Dei
1384 4515 1449 4564 (leui-

259 4599 309 4647 tricl
325 4612 410 4646 merem
426 4601 509 4646 Auctor
524 4599 655 4646 servendum
671 4598 765 4645 curauit
