3560 5368
528 522 573 574 on
595 521 712 574 manre
729 520 970 574 rnnnounsra
987 542 1005 557 -
1021 521 1158 576 aunem
1175 525 1212 574 rr
1410 512 1475 576 295

373 649 459 715 Nam
481 647 589 732 flagra
611 649 647 715 et
668 646 787 733 spinae
811 648 978 732 quantum
1000 647 1149 716 eduxere
1172 650 1320 718 cruoris!

285 769 328 835 20
459 768 656 854 Languidus
678 771 714 836 et
737 767 854 834 fractis
875 766 997 834 robora
1021 767 1087 836 tert
1109 767 1267 838 humeris.

371 893 510 979 Squalet
533 892 657 974 barba,
681 891 824 960 horrent
846 891 996 959 concreti
1018 893 1187 978 sanguine
1209 893 1341 978 crines,

460 1019 549 1094 Quos
570 1015 696 1104 premit
718 1014 840 1083 immiti
863 1016 957 1082 texta
981 1033 1108 1084 corona
1129 1019 1222 1085 rubo.

372 1143 502 1210 Effetae
525 1140 636 1224 vires,
658 1137 840 1208 morientia
863 1138 1009 1222 lumina;
1033 1139 1138 1226 pallet

459 1266 504 1333 Os
525 1264 641 1333 divum
664 1265 700 1331 et
721 1262 827 1331 molto
850 1263 992 1332 vulnere
1014 1267 1168 1333 membra
1190 1267 1334 1334 tument.

284 1391 329 1457 25
372 1389 575 1478 sanguineis
595 1387 719 1476 passim
743 1386 866 1474 linquit
888 1387 1035 1473 vestigia
1056 1388 1203 1474 plantis3

460 1512 528 1581 Vix
549 1511 657 1600 potis,
681 1509 861 1580 obstrictus
883 1509 986 1594 tune,
1010 1528 1148 1580 movere
1171 1511 1302 1598 pedem.

371 1641 455 1709 Tum
478 1638 627 1706 matrum
649 1635 774 1704 devota
796 1652 919 1703 manue
947 1633 1159 1722 pavidaeque
1182 1637 1317 1724 puellae

459 1764 668 1845 Occurrunt,
692 1761 796 1846 largis
817 1760 951 1828 fletibus
973 1779 1034 1828 ora
1055 1761 1180 1847 rigant.

373 1887 432 1956 Est
452 1868 625 1973 genitrix,
656 1882 808 1952 rediviva
831 1883 931 1950 Naim
953 1883 1008 1950 cui
1030 1883 1164 1952 reddita
1186 1883 1314 1970 proles;

286 2015 330 2081 30
459 2011 569 2080 Gestit
590 2028 718 2094 ovans,
742 2025 846 2096 quum
868 2009 936 2077 iam
959 2011 1090 2079 moesta
1112 2009 1210 2080 daret
1231 2011 1370 2079 tumulo.

373 2137 433 2205 Fet
453 2155 543 2223 quae
563 2135 701 2204 sidoniis
722 2151 860 2220 egressa
882 2152 902 2202 e
925 2133 1067 2218 finibus,
1091 2135 1140 2204 illi

460 2261 568 2330 Obvia
590 2260 647 2344 fit,
670 2260 759 2328 flexo
781 2260 908 2347 poplite
931 2261 1037 2330 tristis
1058 2261 1153 2330 humi

375 2388 589 2471 Procumbit,
613 2387 752 2474 planctu
775 2388 928 2474 votisque
951 2389 1149 2458 amentibus
1170 2392 1292 2476 urget;

461 2514 503 2580 nt
526 2514 610 2582 nata
631 2532 650 2580 e
674 2512 793 2580 mortis
815 2511 968 2581 saucibus
989 2513 1151 2600 eripitur:

287 2641 331 2706 35
373 2640 431 2708 Est
453 2642 490 2706 et
511 2655 598 2725 quae
622 2639 724 2724 puteo
746 2637 863 2706 sichar
886 2639 1010 2708 mirata
1032 2638 1249 2726 loquentem,

464 2764 595 2833 Deserit
616 2764 777 2832 adversas
799 2765 895 2832 tacta
916 2764 1031 2834 dolore
1054 2765 1136 2833 vias

375 2889 436 2958 Ast
458 2907 527 2958 una
548 2892 632 2959 ante
654 2907 793 2974 omnes,
817 2909 901 2959 vera
922 2889 1001 2960 huic
1023 2890 1083 2960 dat
1105 2909 1231 2960 nomen
1254 2892 1386 2976 imago,

462 3017 702 3102 approperans
724 3014 845 3084 mulier
866 3017 958 3086 linea
979 3017 1059 3087 vela
1080 3017 1179 3101 tulit,

375 3143 417 3210 Et
438 3143 549 3210 Iesum
571 3141 752 3225 miserata,
775 3142 939 3212 fluentem
959 3144 1129 3230 sanguine
1151 3143 1281 3212 vultum

288 3271 331 3337 40
461 3271 504 3338 nt
525 3268 646 3338 sudore
668 3270 733 3357 piis
754 3273 890 3357 tergere
911 3276 994 3342 avet
1016 3274 1180 3341 manibus.

374 3395 435 3464 Hic
458 3397 648 3464 monstrum
660 3414 670 3480 ;
693 3396 803 3482 pietas
824 3415 894 3465 non
916 3397 1097 3467 haeceine
1120 3398 1259 3470 fenore:
1283 3399 1359 3469 velo

460 3521 514 3591 Sic
535 3521 616 3592 diva
637 3523 808 3618 extempio
831 3525 983 3610 pingitur
1004 3524 1152 3612 effigies3

374 3647 418 3715 Ut
439 3664 554 3716 rernm
576 3649 707 3735 species
728 3648 816 3717 mira
838 3665 930 3718 nunc
953 3650 1123 3720 cernimus
1145 3654 1230 3733 arte,

461 3773 552 3849 Quas
574 3771 707 3841 obiecta
728 3773 796 3840 cito
819 3771 902 3842 lucis
922 3772 1036 3860 imago
1058 3773 1173 3844 refert

270 3895 332 3962 ’45
375 3897 417 3964 st
439 3895 562 3964 merito
584 3896 701 3964 divina
723 3895 784 3963 tibi
806 3895 854 3964 sic
876 3897 1028 3966 redditur
1049 3898 1145 3968 icon:

461 4023 660 4091 Iamdudum
683 4024 773 4094 hanc
796 4031 889 4097 casto
912 4030 1049 4115 pectem
1071 4026 1185 4114 pinxit
1205 4043 1320 4108 amor,

374 4147 424 4215 Ex
446 4164 512 4236 quo
536 4146 684 4219 bissenos
706 4154 744 4218 tu
766 4150 893 4220 fluxum
915 4153 1093 4240 sanguinis
1114 4169 1224 4221 annos
1247 4151 1282 4212 (¹)

463 4273 619 4359 Periere,
643 4273 793 4345 humana
816 4294 880 4346 nec
903 4277 991 4362 fugit
1011 4279 1086 4346 arte
1109 4277 1224 4345 labor:

378 4395 460 4484 Spes
480 4397 541 4466 tibi
564 4400 659 4467 certa
680 4399 789 4484 subit,
813 4402 849 4469 et
870 4403 1007 4470 morbus
1029 4399 1117 4486 sugit
1141 4400 1246 4482 illico,
1271 4399 1328 4466 vix
1350 4400 1429 4465 dum

288 4519 333 4588 50
464 4523 567 4592 Sacra
588 4526 642 4592 est
662 4522 790 4593 furtiva
811 4524 942 4596 fimbria
965 4528 1057 4596 tacta
1078 4543 1191 4595 mann.
1305 4539 1307 4544 ·
