3560 5368
510 535 554 586 ns
577 535 692 586 uilem
709 532 949 583 sunnonnurs
965 551 983 566 -
1000 532 1134 584 nonam
1151 533 1162 580 1
1373 515 1440 580 285

340 662 477 726 Interea
498 661 655 742 Simeon,
679 675 839 742 magnam
863 659 916 724 cui
940 657 1068 724 lumine
1092 661 1240 724 mentem
1289 703 1293 713 .

424 785 648 870 Omnipotens
669 783 839 864 lustrans,
862 781 977 864 abdita
1000 781 1072 850 sata
1095 780 1215 864 docet,

337 909 531 994 Ingreditur
553 909 623 975 iam
646 907 792 992 templa,
823 906 921 991 gravi
954 905 1158 974 venerabilis
1179 923 1285 988 aevo,

425 1033 576 1100 Plurima
598 1033 653 1100 cui
675 1035 792 1100 mento
815 1030 960 1098 candida
983 1032 1087 1099 barba
1110 1031 1207 1112 nitet,

250 1157 295 1222 25
339 1156 541 1242 Iampridem
565 1155 620 1221 hic
642 1154 791 1222 lacrimis
811 1171 951 1239 superos
974 1153 1194 1238 precibusque
1217 1151 1362 1238 fatigat,

426 1279 631 1348 Promissum
654 1281 693 1346 ut
715 1277 854 1345 tandem
877 1277 962 1344 dent
981 1277 1045 1344 sibi
1068 1295 1166 1345 nosse
1188 1279 1304 1346 Deum.

339 1404 427 1470 Vota
448 1403 595 1470 cadunt:
620 1401 689 1468 iam
712 1416 809 1467 mens
830 1399 968 1484 agitur,
991 1398 1050 1464 lux
1072 1398 1180 1466 insilit
1202 1400 1273 1466 alto

426 1526 529 1610 Vati,
553 1524 709 1594 fatidicos
730 1525 788 1610 qui
809 1525 870 1592 dat
890 1525 934 1592 ab
956 1542 1014 1592 ore
1035 1540 1157 1592 sonos:

338 1653 366 1719 Ο
388 1652 529 1720 tandem
550 1650 684 1737 placida
704 1651 895 1735 compostus
916 1666 1000 1736 pace
1024 1649 1216 1734 quiescam,

250 1779 294 1844 30
424 1777 580 1864 Accipiat
601 1777 735 1846 cineres
756 1776 826 1843 iam
849 1777 938 1844 bona
960 1779 1054 1843 terra
1076 1793 1178 1843 meos

338 1900 414 1967 Vidi
436 1901 542 1968 oculis
565 1903 733 1983 Puerum,
757 1903 895 1968 nostrae
918 1898 976 1984 qui
998 1899 1109 1983 gloria
1130 1899 1264 1984 gentis,

425 2026 555 2112 Quique
576 2025 772 2094 aerumnosi
795 2027 848 2094 est
870 2043 940 2092 una
960 2024 1052 2094 salus
1073 2025 1220 2108 generis.

336 2154 407 2218 lam
431 2150 568 2237 lugiunt
590 2151 772 2232 tenebrae,
795 2149 896 2218 terris
918 2150 1069 2218 immissa
1089 2150 1245 2218 coruscat

426 2279 496 2344 lam
520 2276 579 2344 lux
607 2279 712 2361 atque
735 2293 862 2344 novum
883 2276 1040 2362 splendet
1062 2276 1098 2342 in
1121 2277 1202 2343 orbe
1225 2275 1330 2342 iubar.

250 2402 294 2467 35
337 2401 465 2486 Magna
493 2404 624 2468 Parens
645 2400 774 2486 cupidis
796 2403 915 2469 astans
937 2401 1021 2468 haec
1044 2399 1181 2466 auribus
1204 2397 1333 2482 hausit,
1437 2427 1446 2448 ·

427 2525 601 2612 Multaque
624 2526 800 2594 maternus
822 2526 946 2610 gaudia
968 2525 1095 2592 mulcet
1116 2543 1222 2593 amor.

337 2653 385 2718 Tu
409 2667 541 2736 quoque
565 2649 688 2717 festiva
711 2649 867 2717 redimito
890 2653 1047 2734 tempora
1070 2647 1211 2728 fronde,

425 2773 626 2858 Ierusalem,
650 2773 687 2842 et
709 2774 815 2842 multo
838 2774 990 2859 spargite
1013 2771 1093 2840 flore
1118 2773 1210 2840 vias:

337 2900 468 2968 Gestiat
489 2901 568 2968 urbs
590 2899 720 2983 omnis,
744 2917 906 2986 praesens
928 2901 964 2966 et
986 2901 1119 2966 Numen
1142 2899 1276 2982 adoret,

251 3027 294 3090 40
426 3026 560 3093 Fundat
582 3025 715 3093 votivas
737 3024 837 3092 turba
858 3023 988 3092 reclina
1009 3041 1135 3109 preces.

340 3149 616 3234 Quandoquidem
632 3149 789 3217 Salomon
804 3169 908 3236 quum
924 3150 1070 3234 primum
1084 3148 1258 3217 attolleret
1280 3151 1419 3232 aedem,

427 3275 591 3343 Ferveret
613 3275 780 3343 artificum
802 3292 904 3361 quum
927 3274 1077 3342 studiose
1098 3293 1236 3359 manue,

342 3399 492 3467 Plurima
514 3402 550 3466 et
571 3399 719 3466 intactas
740 3417 844 3484 quum
868 3399 1007 3468 victima
1029 3399 1181 3483 tingeret
1202 3417 1299 3482 aras,

430 3524 601 3609 Mixtaque
625 3523 797 3592 fumarent
820 3528 898 3591 tura
918 3525 1044 3592 sabaea
1066 3524 1202 3609 thymo,

253 3652 297 3716 45
342 3651 435 3717 Tunc
458 3641 562 3718 Peter
584 3651 801 3736 omnipotens
822 3651 945 3718 aderat
966 3649 1122 3736 delapsus
1144 3650 1187 3717 ab
1208 3649 1279 3718 ello

429 3774 581 3857 Ritibns‚
604 3776 642 3841 at
664 3792 768 3842 caeca
789 3775 946 3843 conditus
968 3775 1004 3842 in
1028 3775 1172 3844 nebula:
1238 3787 1241 3798 ·

342 3901 411 3967 Nec
433 3899 521 3984 potis
542 3899 687 3983 insignis
713 3904 786 3967 tum
810 3899 939 3986 templa
960 3901 1073 3968 subire
1096 3900 1265 3983 sacerdos,

407 4025 541 4093 Limina
562 4043 632 4093 non
656 4026 723 4092 ullo
747 4026 970 4095 transilienda
992 4027 1087 4112 pede.

341 4151 438 4218 Nunc
462 4149 571 4236 qualis
593 4153 806 4238 quantusque
830 4153 918 4220 Deus
943 4151 1129 4220 tr=actabilis
1150 4153 1250 4220 offert

251 4281 295 4344 50
426 4277 468 4346 Se
491 4278 665 4358 manibus,
691 4278 823 4347 cunctis
844 4278 953 4346 libera
974 4279 1102 4363 templa
1124 4281 1255 4364 patent.

340 4402 402 4471 Eia
423 4420 499 4488 age,
525 4404 729 4473 Ierusalem:
750 4406 881 4473 Vatum
903 4423 990 4492 quae
1014 4405 1126 4474 fausta
1148 4407 1296 4474 canebat

428 4528 571 4597 Ultimus
597 4528 650 4614 (¹),
673 4531 860 4601 eveniunt:
885 4531 941 4598 lrio
956 4533 1046 4602 Puer
1068 4531 1140 4621 ipse
1162 4534 1260 4606 Deus.
