3472 5360
636 551 746 602 urana
779 551 959 603 sncvrvnvs
1340 537 1397 604 121

385 681 539 766 Namque
561 678 655 748 aliud
677 683 866 748 monstrum
889 681 1066 765 obiicitur,
1083 700 1186 769 quum
1208 682 1331 751 tertius
1345 681 1401 750 olli

297 807 417 873 ttunus
438 806 466 872 it
487 805 642 892 imperii:
666 807 749 875 mihi
772 824 835 874 rex
856 807 904 874 sic
926 809 1059 876 somnia
1081 812 1209 877 narrat.

184 933 250 998 360
296 933 370 998 Nox
392 933 486 1013 erat,
508 934 613 1017 atquo
635 933 706 1001 alta
727 931 887 1004 lavabam
910 934 1063 1002 membra
1085 935 1220 1021 quiete;

296 1059 476 1140 Ingentem
499 1074 669 1143 quercum·
683 1057 782 1125 tlrma
803 1058 917 1126 radice
941 1057 1119 1143 videbam,

296 1181 389 1258 Quae
413 1181 536 1266 patulis
557 1183 668 1250 totum
690 1183 795 1251 ramis
817 1185 1037 1269 praetexerat
1058 1187 1195 1254 orbem:

294 1305 443 1374 Facundi
466 1304 619 1393 pendent
641 1306 787 1391 tructus3
811 1308 965 1395 caelique
990 1308 1144 1378 volucres

295 1430 484 1499 l'urmatim
506 1449 633 1517 magna
655 1433 840 1501 volitantes
861 1434 981 1502 arbore
1003 1434 1138 1503 sistunt.
1282 1469 1285 1476 ,

185 1559 250 1623 365
295 1557 390 1624 Talia
411 1557 559 1654 mirabar
579 1557 753 1643 stupidus,
776 1577 881 1645 quum
903 1557 1034 1628 reddita
1057 1579 1124 1627 vox
1147 1563 1220 1629 est:

296 1679 357 1747 Eia
378 1679 493 1764 agite,
516 1679 666 1748 immane
689 1680 753 1747 hoc
777 1680 866 1748 terro
890 1680 1052 1750 succidite
1076 1681 1186 1749 robur.

295 1807 389 1872 Tunc
411 1820 532 1872 manus
553 1807 718 1891 apparet,
742 1803 929 1890 validisque
952 1805 1156 1891 bipennibus
1175 1808 1276 1876 arbos

294 1929 455 1998 Caeditur
475 1929 564 2011 icta,
589 1928 761 2015 trahitque
785 1929 964 2016 ingentem
987 1931 1077 1999 mole
1100 1932 1245 2000 ruinam.

295 2057 465 2124 Arescunt
487 2054 588 2139 lolia,
612 2055 782 2140 effugiunt
803 2057 988 2140 animalia,
1012 2058 1141 2128 fructus

187 2183 251 2249 370
294 2182 385 2248 Tabe
408 2181 536 2248 cadunt
558 2180 667 2266 putri:
691 2180 811 2249 decisis
832 2180 983 2267 undique
1005 2183 1131 2264 ramis,

294 2303 490 2389 virgultum
512 2305 651 2384 manet,
675 2303 711 2370 et
733 2302 830 2371 radix
853 2302 976 2371 tellure
999 2303 1061 2372 suh
1083 2305 1152 2374 ima

295 2429 433 2498 Insistit
457 2427 594 2510 Nullus,
616 2427 699 2496 licet
720 2430 796 2496 arte
818 2429 964 2514 peritus,
988 2431 1174 2517 haruspex*

293 2554 481 2642 Augurium
503 2553 617 2636 novit3
641 2553 701 2620 libi
722 2553 782 2623 sed
804 2555 893 2622 Deus
914 2555 1040 2625 insidet
1061 2557 1153 2642 ipse,

294 2683 341 2747 Te
362 2679 481 2746 docet:
505 2694 590 2763 ergo
612 2678 742 2761 velint,
767 2678 907 2764 Daniel,
931 2679 1010 2766 quid
1033 2682 1186 2764 somnia,
1210 2685 1332 2770 pande.

183 2807 248 2872 375
294 2807 387 2872 llaec
409 2820 471 2871 rex
493 2801 676 2871 chaldaeus
698 2803 883 2890 trepidanti
906 2807 1044 2891 pectore
1067 2808 1207 2874 narrat:

293 2929 440 2998 Auribus
461 2929 606 2996 intentis
627 2930 722 3011 asto,
746 2929 938 3016 tacitumque
960 2947 1023 3016 per
1044 2931 1163 3000 horam

293 3057 385 3122 llaec
406 3053 528 3122 eadem
550 3053 730 3122 volvebam
751 3056 890 3138 mente,
913 3056 1087 3142 Deumque
1110 3057 1275 3144 precabar
1287 3077 1296 3140 ;

293 3183 446 3266 Namque
468 3179 603 3248 animus
625 3179 754 3265 redigit
776 3181 958 3266 quaerenti
980 3182 1055 3250 dira
1077 3183 1217 3252 reterre.

293 3308 367 3374 Rex
389 3306 515 3385 instat,
541 3307 749 3392 tandemque
771 3305 900 3374 invitus
922 3325 995 3376 rem
1017 3308 1136 3376 ordino
1159 3310 1292 3396 pando:

184 3435 248 3500 380
380 3432 542 3518 Princeps
564 3449 707 3517 magne,
731 3436 807 3500 tuos
829 3433 973 3502 veniant
994 3434 1171 3502 horrentia
1193 3435 1229 3503 in
1251 3437 1366 3506 hostes

292 3557 384 3624 Haec
406 3572 494 3642 quae
516 3554 696 3623 vaticinor.
720 3557 808 3623 Nam
830 3557 1065 3643 procerissima
1084 3557 1180 3627 caelo

291 3683 385 3758 Quae
407 3683 510 3766 caput
531 3680 659 3748 attollit
681 3699 825 3767 quercus
848 3685 904 3766 te,
929 3682 1077 3751 maxime
1100 3701 1243 3770 regum,

290 3807 430 3892 Signat,
455 3805 513 3892 qui
535 3805 653 3872 mundi
678 3808 815 3891 torques
838 3806 1032 3876 moderator
1054 3806 1215 3877 habenas.

292 3932 338 4000 ht
360 3933 448 3999 Deus
469 3930 688 4017 omnipotens
709 3949 809 4016 reges
831 3931 1028 4000 dominatur
1050 3933 1086 4000 in
1108 3933 1207 4020 ipsos

184 4061 247 4126 385
291 4058 495 4145 Experiere:
519 4057 638 4143 opibus
660 4059 699 4125 tu
721 4074 870 4144 namque
892 4058 1030 4127 indatus
1052 4062 1089 4127 et
1110 4060 1234 4143 armis

293 4183 440 4268 Erigeris
461 4185 578 4251 mente
601 4199 642 4250 ac
664 4183 794 4250 terreni
817 4183 967 4252 numinis
989 4185 1099 4253 instar

293 4307 428 4376 Cultum
451 4308 578 4377 ambis:
600 4309 639 4376 at
661 4325 739 4375 cum
762 4307 863 4376 feriet
885 4327 952 4376 vox
975 4309 1117 4378 caelitus
1137 4328 1237 4379 aures

291 4434 477 4521 Improvisa
501 4435 596 4515 tuas,
620 4433 765 4503 discissis
788 4435 938 4504 vestibus
960 4453 1080 4504 amens

292 4560 439 4629 hbiicies
460 4563 652 4646 sceptrum,
675 4564 711 4630 et
735 4579 855 4630 nemus
877 4562 1096 4631 incomitatus
1117 4562 1244 4643 adibis;
