3560 5368
370 507 434 571 250
837 519 1112 572 enarunnrnoos

478 648 665 715 obteniat
688 647 822 729 vinum,
845 647 944 713 simul
967 645 1096 732 optima
1118 648 1243 716 cuncta
1265 649 1430 731 precatus.

478 773 566 838 Hinc
588 789 698 856 genus
719 772 897 857 antiquum
922 769 1164 850 Abramidum‚
1187 769 1402 838 sanctissima
1422 769 1544 855 proles,

367 899 433 964 200
478 900 551 964 lsac
574 901 610 964 et
631 896 752 979 Iacob,
776 895 834 981 qui
858 897 1007 962 maxima
1029 895 1143 978 gentis
1165 895 1260 979 origo

479 1023 632 1090 Selectae
656 1021 813 1102 fuerant,
837 1039 942 1106 quum
965 1020 1067 1105 stirps
1090 1019 1240 1086 fallentis
1263 1019 1384 1086 Adami

479 1149 517 1213 ln
542 1147 636 1232 peius
657 1145 773 1213 nitens
795 1143 980 1230 magnique
1003 1144 1108 1211 oblita
1131 1145 1310 1222 Parentis,

480 1273 588 1358 Impia
610 1271 805 1338 numinibus
826 1272 995 1340 scelerata
1016 1269 1141 1338 altaria
1163 1273 1253 1341 tollit

477 1398 589 1482 Atque
612 1397 679 1463 imo
702 1395 870 1463 scelerum
892 1413 1000 1463 coeno
1023 1395 1180 1481 prolapsa
1203 1398 1327 1466 residit.

367 1524 432 1588 205
477 1521 606 1590 Felices
626 1520 759 1588 animas
779 1520 871 1586 inter
894 1519 1059 1587 formosus
1079 1522 1199 1606 loseph

477 1645 655 1727 Cernitur,
680 1645 810 1712 invidia
833 1643 997 1726 fratrum,
1021 1644 1100 1711 dum
1125 1647 1273 1714 vescitur
1295 1647 1407 1728 auris,

479 1772 600 1837 Passus
620 1768 706 1836 dura
728 1769 849 1835 nimis:
872 1786 1031 1854 supremo
1053 1787 1196 1854 munere
1218 1771 1383 1852 tandem,

476 1893 687 1962 Praesidium
711 1894 903 1978 veterisque
926 1893 1033 1978 patris
1054 1894 1257 1980 generisque
1280 1914 1438 1976 suorum,

478 2019 652 2105 Effulgens
674 2017 807 2087 Phariis
829 2020 987 2107 princeps
1010 2021 1053 2088 ab
1075 2037 1157 2104 rege
1181 2015 1368 2103 Secundus,

367 2147 433 2211 210
479 2146 619 2214 Emicat.
644 2147 854 2231 utmagnus
876 2149 1005 2230 Moses,
1030 2147 1087 2233 qui
1110 2147 1230 2214 ductor
1251 2152 1288 2217 et
1308 2166 1437 2233 auspex

477 2270 623 2339 Isacidas
645 2289 777 2356 pressos
798 2271 919 2338 vinclis
942 2271 1134 2356 fractosque
1157 2272 1273 2342 labore

480 2398 546 2463 Per
569 2395 698 2462 medios
719 2397 835 2463 servat
857 2393 978 2462 fluctus
999 2413 1126 2481 perque
1149 2413 1271 2481 aspera
1295 2398 1401 2474 bella,

482 2521 526 2588 Ut
549 2520 666 2606 pingui
689 2520 853 2588 chanaan
879 2521 1018 2588 tandem
1042 2521 1182 2606 regione
1205 2523 1328 2607 potiti,

479 2648 544 2715 Uni
568 2651 646 2714 tura
668 2649 737 2714 Deo
760 2646 888 2716 dedant
908 2648 1116 2716 solemnibus
1138 2649 1214 2716 aris.

369 2775 434 2840 215
478 2775 605 2858 Regius
627 2776 664 2842 et
685 2777 800 2855 vates,
824 2773 957 2840 eithara
981 2775 1038 2859 qui
1062 2775 1184 2842 nobilis
1205 2793 1311 2843 aurea

480 2900 631 2968 Grandia
651 2903 751 2984 gesta
774 2899 868 2966 canit
891 2900 1029 2967 venturi
1052 2901 1231 2984 Numinis,
1254 2906 1290 2969 et
1313 2919 1400 2986 quae

481 3025 650 3111 Supplicia
673 3025 947 3110 horrendamque
971 3043 1093 3092 necem
1116 3025 1253 3094 molitus
1275 3025 1395 3106 iudas;

478 3151 638 3220 Carmina
661 3168 748 3237 quae
770 3154 901 3236 septem
926 3151 1060 3238 replent
1082 3151 1276 3218 discrimine
1300 3169 1421 3219 vocum

480 3277 619 3363 Templa
642 3277 725 3357 Dei,
749 3279 859 3343 tetum
885 3294 1059 3362 nunquam
1084 3277 1277 3344 intermissa
1299 3295 1360 3364 per
1380 3297 1513 3345 aevum.

369 3405 435 3469 220
479 3405 744 3470 Fortunatorum
766 3405 866 3470 coetu
888 3405 954 3470 duo
977 3403 1118 3470 nomina
1140 3405 1306 3487 deerant,

480 3527 657 3595 Thesbites
679 3531 717 3594 et
737 3528 900 3610 Henoch;
924 3528 980 3594 hic
1003 3546 1085 3596 nam
1108 3529 1200 3614 prior
1223 3529 1362 3596 invocat
1384 3529 1456 3595 orbi

480 3655 648 3722 Tutemeu
670 3653 895 3739 columenque
920 3655 1027 3720 Deum
1049 3654 1248 3722 mortalibus
1271 3672 1399 3736 unum;

481 3779 578 3848 Alter
602 3779 767 3848 fulminea
789 3781 992 3849 metuendus
1013 3781 1150 3867 regibus
1172 3783 1242 3864 ira,

481 3906 624 3974 Vatibus
645 3906 799 3975 infensus
821 3908 970 3975 Satanae
994 3906 1171 3976 fallacibus
1193 3911 1229 3977 et
1252 3908 1319 3992 dis,

370 4033 436 4096 225
480 4031 523 4100 Et
543 4035 701 4100 sanctum
724 4052 851 4101 nomen
874 4037 1098 4121 sanctumque
1120 4037 1237 4102 tuetur
1258 4035 1444 4102 honorem:

481 4159 578 4225 Haud
602 4162 746 4226 mortem
769 4160 937 4244 tetigere3
960 4161 1219 4246 Deus'namque
1242 4161 1381 4228 abstulit
1402 4163 1520 4229 ambos

482 4286 531 4352 Ac
553 4290 669 4355 servat
691 4287 824 4355 Christo
845 4305 1005 4372 suprema
1027 4290 1063 4356 in
1088 4288 1177 4356 bella
1198 4292 1344 4374 paratos.

481 4416 526 4481 nt
547 4433 681 4501 quoque
705 4414 802 4483 multi
825 4417 971 4484 aderant
993 4417 1116 4484 caedes
1138 4418 1174 4484 et
1196 4415 1318 4483 funera
1342 4417 1451 4500 passi,

482 4541 612 4627 Quique
633 4543 828 4612 sacerdotes
849 4545 886 4609 et
907 4541 1039 4610 Christo
1063 4544 1167 4628 digna
1189 4543 1314 4626 locuti,
