3560 5368
688 499 799 552 uisus
822 500 1001 560 SECVNDVS

241 627 307 693 230
351 626 505 693 Ventnro
528 626 671 692 tenuere
693 621 817 704 fldem,
840 622 968 692 virtute
990 626 1161 694 mouendo

351 747 477 816 Illustri
499 750 536 816 et
557 745 656 814 dictis
676 744 780 828 alies,
804 745 885 813 dum
906 745 980 814 vita
1001 754 1167 820 maneret

352 871 478 940 islant
498 887 587 957 quae
610 868 748 937 llrerant
769 868 882 954 specie
906 871 942 938 et
963 871 1090 940 virtute
1113 875 1278 959 decorae,

353 1000 395 1064 st
417 995 488 1064 lael
509 997 545 1063 et
568 993 705 1079 Resplna
725 992 844 1061 dolens
866 997 902 1063 et
924 993 1021 1064 fortis
1042 999 1155 1066 Iudith

354 1123 398 1188 Et
420 1122 534 1204 Ruth,
556 1118 826 1205 innumeraeque
848 1118 938 1186 aliae
961 1121 1035 1189 sine
1058 1124 1196 1192 nomine
1218 1129 1353 1195 matres

244 1247 310 1314 235
355 1249 405 1312 Tu
420 1261 562 1330 quoque,
578 1244 706 1329 primus
724 1241 843 1326 Adam,
859 1244 997 1329 generis
1011 1249 1119 1330 pater,
1136 1248 1297 1336 Hevaque
1312 1250 1445 1334 coniux,
1508 1253 1509 1256 ’

355 1373 395 1438 ln
417 1369 553 1454 culpam
574 1367 673 1435 ruitis
693 1367 827 1453 decepti
855 1368 973 1436 fraude
996 1369 1172 1454 draconis,

356 1491 501 1560 Perditis
522 1493 559 1560 et
580 1493 721 1576 gentem
743 1494 786 1559 cb
808 1491 938 1560 crimen
962 1493 1067 1562 fatale
1089 1500 1291 1582 parentum:

357 1617 429 1683 tam
451 1631 544 1681 nunc
566 1612 655 1682 alter
676 1612 785 1681 Adam
807 1614 902 1682 caelo
925 1614 1065 1684 festinat
1087 1620 1131 1686 ab
1153 1618 1223 1687 alto

357 1741 421 1816 Qui
443 1757 568 1807 noxam
593 1741 750 1824 reparet,
773 1739 959 1814 caelestum
982 1743 1019 1808 et
1041 1741 1159 1810 limina
1181 1743 1318 1828 pandat.

247 1867 314 1932 240
359 1866 406 1933 At
427 1866 526 1932 coetu
549 1863 586 1930 in
608 1862 719 1931 medie
742 1863 878 1932 Gabriel
900 1865 949 1932 sic
971 1883 1032 1934 ora
1060 1867 1219 1936 resolvit:

358 1989 385 2054 0
407 1987 592 2070 fortunati,
620 1986 716 2073 queis
738 1987 807 2053 iam
828 1991 1000 2056 reseratur
1021 1989 1196 2076 olympus,

360 2114 450 2189 Quos
470 2115 508 2182 et
528 2129 638 2198 regna
659 2114 804 2180 manent
824 2112 989 2182 iustorum
1012 2117 1049 2182 et
1069 2116 1222 2200 praemia
1244 2117 1351 2185 caeli:

360 2239 517 2324 Iungitur
538 2237 698 2305 humanis
720 2239 823 2311 Deus,
847 2239 884 2306 et
905 2237 1096 2330 demittitur
1124 2242 1225 2310 astris

361 2367 433 2432 lam
457 2381 548 2431 nova
569 2364 769 2449 progenieS,
800 2364 868 2431 iam
890 2369 1003 2450 postes
1024 2368 1169 2436 carceris
1190 2368 1290 2435 huius

253 2493 320 2559 245
364 2490 521 2572 lilimcti,
545 2489 681 2557 dabitur
703 2489 794 2556 felici
819 2488 899 2557 sede
923 2491 1026 2558 beari.
1163 2495 1168 2504 '

363 2616 422 2682 His
444 2613 543 2682 dictis
564 2613 720 2682 incensos
741 2615 864 2682 animis
886 2615 941 2699 pia
958 2616 1085 2700 gaudia
1106 2634 1225 2687 manes

362 2740 565 2810 Exhilarant
587 2742 743 2824 sanctos,
767 2742 888 2808 tenues
909 2739 984 2809 sine
1006 2759 1146 2827 corpore
1169 2743 1278 2811 vitas:

367 2870 409 2934 Et
432 2865 535 2934 festos
556 2864 722 2950 volitare,
745 2868 782 2934 et
802 2864 894 2934 laeto
918 2883 1090 2934 murmure
1114 2870 1222 2935 totum

365 2993 527 3061 Exullare
549 3009 708 3078 specum,
733 2989 850 3077 quales
872 2990 1022 3061 alvearia
1044 2992 1171 3060 circum

255 3123 322 3190 250
366 3122 530 3212 Tempore
553 3118 644 3186 veris
665 3134 747 3203 apes
768 3115 916 3203 produnt
935 3116 1101 3185 industria
1124 3117 1236 3187 mella.

368 3248 413 3312 ut
434 3263 548 3314 sacros
569 3244 661 3312 inter
682 3259 803 3311 manes
823 3241 1014 3312 Ieaclrimus
1036 3245 1073 3311 et
1094 3245 1196 3312 Anna

368 3372 550 3457 Plusquam
570 3368 629 3436 alii
649 3369 796 3456 gestire,
827 3384 888 3435 suo
910 3367 1187 3453 quod·sanguine
1211 3371 1300 3437 Nata

367 3499 495 3579 Aucta,
520 3492 694 3582 insperato
715 3495 862 3581 superis,
885 3495 1046 3580 dignetur
1068 3494 1208 3564 honore.

368 3629 416 3693 Tu
439 3639 572 3710 quoque
592 3621 674 3704 sed,
696 3619 853 3703 Gabriel,
876 3619 1078 3704 laetaberis;
1102 3620 1193 3690 inter
1215 3622 1363 3708 ephebos

259 3755 326 3820 255
371 3749 542 3820 Caelestes
563 3745 715 3814 delectus
736 3745 829 3812 enim
852 3744 1016 3813 mandata
1038 3745 1176 3812 Puellae

370 3879 415 3946 Ut
437 3875 566 3944 referas
586 3874 748 3956 mucias,
771 3889 792 3939 e
813 3888 944 3938 summo
966 3888 1070 3957 quum
1093 3871 1197 3938 Filius
1217 3889 1284 3939 axe

372 4005 540 4072 Aeternus
561 3999 706 4067 veniens
727 4015 848 4084 puram
870 3997 1054 4066 descendet
1075 3998 1112 4064 in
1134 3997 1270 4065 alvum:

372 4135 459 4200 Ecce
481 4127 690 4196 salutantem
713 4123 812 4192 video
834 4127 870 4192 te
892 4141 1044 4210 paupere
1066 4125 1157 4191 tecte

373 4254 593 4335 Nazaridum,
616 4252 729 4321 verbis
750 4249 883 4319 recinet
903 4267 991 4336 quae
1014 4249 1149 4334 longius
1170 4267 1304 4316 aevum.

261 4387 328 4454 260
372 4385 464 4450 Haec
487 4380 578 4447 inter
599 4395 739 4464 superos
760 4377 907 4460 gestire,
930 4377 967 4442 et
988 4377 1202 4442 contremere
1225 4373 1296 4441 alte

375 4511 506 4595 Regem
529 4505 645 4588 erebi,
667 4503 845 4588 lucemque
867 4517 992 4570 novam
1014 4499 1250 4586 splendescere
1274 4499 1407 4566 mundo.

1344 4637 1424 4710 ru'
