3560 5368
696 545 807 595 trena
830 545 963 596 raruvs
1371 533 1438 598 233

327 668 381 737 Sic
403 668 496 739 lavet
517 672 588 756 ipse
612 673 719 754 Deus,
752 673 800 742 sic
824 675 963 743 tandem
985 673 1172 742 absolvitur
1194 673 1319 754 aedes,

329 795 422 871 Quae
447 797 563 864 vatum
585 797 754 866 ominibus
775 798 878 885 longe
902 800 1032 868 felicior
1052 799 1112 868 illa

328 920 484 1004 Dicetur,
508 939 611 1008 quam
632 923 712 990 olim
735 927 899 1010 congesto
921 925 1058 993 Davidis
1079 943 1163 994 auro

239 1045 284 1110 40
330 1045 506 1114 Extulerat
528 1047 686 1117 Salomon
697 1066 707 1131 ;
739 1066 827 1136 quae
851 1050 981 1118 etenim
1002 1049 1117 1120 visura
1140 1050 1297 1116 Parentis

328 1171 470 1238 Aeterni
492 1171 647 1242 Sobolem
669 1176 865 1243 aeternam:
889 1175 959 1243 iam
981 1175 1117 1262 iamque
1139 1175 1343 1260 propinquat

329 1295 392 1363 Illa
413 1296 506 1379 dies,
529 1298 656 1366 almam
679 1317 747 1386 qua
768 1300 885 1368 divum
908 1301 1050 1370 Flamen
1072 1301 1253 1368 obumbrat

331 1420 592 1507 Parthenidem,
615 1423 742 1490 dudum
764 1443 852 1510 quae
873 1443 992 1494 sacrae
1015 1427 1069 1493 est
1091 1425 1204 1493 incola
1226 1424 1323 1492 sedis.

416 1547 478 1614 Hic
500 1547 630 1615 etenim
652 1548 759 1618 cellae
783 1550 898 1636 plures
919 1550 1141 1637 seiunctaque
1164 1552 1275 1632 tecta,

243 1672 287 1736 45
330 1671 402 1746 Quo
425 1671 510 1738 nulli
531 1691 567 1740 se
591 1674 680 1742 ferre
703 1674 822 1744 datum
844 1678 916 1760 est,
948 1693 1035 1764 quae
1058 1676 1168 1742 visere
1192 1674 1298 1752 nulli,

331 1797 430 1883 Degit
452 1798 508 1865 ubi
530 1799 666 1884 sequior
687 1819 809 1884 sexus,
835 1802 1017 1870 lectissima
1039 1804 1165 1888 pubes;

330 1923 404 1990 Non
426 1922 641 1992 intermissae
665 1944 767 1995 voces
789 1929 825 1995 et
847 1929 929 1996 vota
952 1931 1154 2012 precantum
1271 1945 1275 1954 ·

329 2049 372 2118 Et
393 2049 505 2118 studia
527 2053 563 2119 in
586 2053 687 2121 Mosis
708 2053 803 2140 leges
825 2072 1033 2141 operumque
1057 2055 1204 2123 labores.

330 2175 389 2242 Est
411 2194 490 2261 pars
512 2195 600 2264 quae
623 2179 719 2246 tenu
743 2179 883 2247 deducit
903 2179 1058 2256 ¹stamina
1080 2179 1137 2248 flio

243 2299 287 2364 50
333 2299 482 2385 Stupea,
505 2299 585 2368 dum
609 2302 711 2371 celeri
736 2302 916 2390 detorquet
939 2303 1061 2390 pollice
1085 2303 1218 2385 fusum3

335 2425 394 2492 nst
416 2427 453 2492 et
474 2427 665 2496 arundineo
688 2447 776 2514 quae
800 2433 918 2498 versat
940 2430 1076 2498 turbine
1100 2430 1215 2497 lanam

331 2550 448 2618 Volvit
469 2553 506 2619 et
526 2553 563 2618 in
585 2551 757 2637 globulos,
781 2556 842 2622 aut
862 2554 955 2622 levia
977 2554 1107 2622 vellera
1129 2554 1258 2640 carpit;

338 2675 380 2741 ut
403 2693 496 2744 nunc
518 2676 615 2744 illimi
639 2677 750 2746 lotura
773 2679 971 2764 abstergere
995 2679 1090 2746 ioute

335 2801 541 2868 Panniculos
562 2801 619 2869 vel
641 2802 732 2884 lina,
757 2805 858 2870 boum
881 2805 1054 2872 maculata
1076 2821 1204 2878 cruore,

247 2926 290 2989 55
335 2925 594 3007 1111111111,
619 2926 721 3012 pleno
743 2928 972 3015 siccandaque
996 2929 1149 3014 pandere
1172 2927 1243 2994 soli.
1345 2963 1348 2970 ,

336 3050 396 3117 Illa
421 3053 521 3135 parat
543 3068 716 3135 cererem,
744 3057 782 3122 ut
805 3053 932 3122 calidos
953 3070 1145 3139 supponere
1168 3069 1311 3120 mensae

339 3175 417 3243 Rite
440 3182 545 3260 queat
568 3195 673 3261 panes
697 3176 819 3264 (Mosis
840 3178 889 3244 sic
911 3177 1022 3264 iussa)
1046 3177 1203 3246 sacerdos
1211 3195 1220 3259 ;

337 3302 430 3369 11111
451 3301 596 3390 phrygio
618 3303 775 3390 depingit
796 3323 860 3373 acu
884 3305 1058 3374 velamina
1080 3303 1259 3390 ephodque

336 3426 427 3493 Auro
449 3428 665 3508 contextum,
691 3429 824 3496 cinctus
847 3448 913 3516 quo
937 3429 1104 3498 maximus
1126 3427 1218 3496 adsit

249 3549 293 3613 60
337 3548 489 3616 Antistes
509 3550 633 3635 populo
655 3569 769 3618 coram
792 3556 828 3620 et
853 3552 1060 3620 solemnibus
1081 3551 1159 3620 aris

334 3673 426 3741 Haeo
448 3693 572 3760 opera:
602 3676 681 3742 hinc
705 3679 839 3746 nostras
862 3695 935 3746 mos
956 3695 1133 3746 asservare
1156 3665 1287 3762 puellas

337 3801 380 3866 st
402 3798 557 3868 claustris
578 3802 711 3886 sepire,
741 3819 828 3870 cava
850 3801 946 3870 velut
967 3819 1046 3870 arce
1071 3799 1243 3870 columbus

338 3923 452 3991 Turris
474 3923 684 4009 inaccessae,
711 3913 978 4012 accipitrumque
1002 3945 1045 3993 ex
1069 3943 1184 4012 ungue
1207 3923 1306 3991 tueri.

425 4049 514 4134 ltrgo
536 4049 592 4118 ubi
616 4051 860 4120 Parthenidem
883 4053 1024 4138 quartus
1050 4051 1119 4118 iam
1141 4051 1281 4136 ceperat
1304 4065 1437 4126 annus,

249 4173 292 4240 65
336 4173 379 4240 nt
402 4173 529 4258 patrias
551 4175 654 4244 aedes
676 4176 767 4245 ultro
785 4175 968 4262 dulcesque
991 4177 1154 4262 parentes

339 4297 553 4382 Destituens,
575 4316 613 4368 se
635 4301 708 4368 totu
729 4303 798 4368 Deo
824 4298 1019 4386 temploque
1042 4298 1194 4380 dicarat,
1233 4360 1247 4374 ,

335 4423 415 4498 Quis
436 4423 564 4491 referat
586 4423 765 4506 lacrimas,
790 4424 858 4493 imo
880 4425 954 4511 quis
976 4423 1077 4493 corde
1100 4422 1253 4505 dolores,

339 4546 463 4628 Anna,
488 4550 581 4631 tuos,
612 4549 803 4631 Ioachime‚
827 4552 923 4632 tuos,
946 4566 1048 4634 quum
1071 4549 1141 4616 tale
1164 4547 1287 4616 tulistis
