3472 5360
328 524 391 590 100
808 539 1047 592 nuuruuomos

429 668 641 736 Praetereunt
663 667 797 754 capita,
820 669 954 736 incessu
975 666 1141 754 vultuque
1164 669 1309 754 superbi.

431 795 499 860 Hos
523 793 614 860 ierus
634 794 755 861 obtutu
777 792 924 862 Smerdis
946 793 1179 880 supereminet
1200 812 1336 877 omues,

321 920 386 986 520
431 919 493 996 Qui
516 918 642 987 dudum
664 920 820 1006 obliquae
843 919 993 988 invidiae
1016 923 1222 1006 conceperat
1245 921 1379 1007 iguem,

388 1057 391 1063 ·
430 1045 514 1113 cum
536 1045 609 1132 regi
632 1047 741 1113 sortes
765 1064 880 1113 rerum
907 1047 1121 1133 venturaque
1145 1045 1217 1114 fata

433 1171 640 1238 volventem
662 1170 797 1238 audiret
818 1170 994 1239 Danielem
1026 1171 1207 1258 oblataque
1229 1189 1348 1240 somno

432 1294 601 1380 Prodigia.
626 1299 676 1364 Dx
698 1295 755 1362 illo
778 1295 923 1364 stimulis
943 1295 1095 1382 agitatus
1116 1297 1260 1380 amaris,

437 1420 632 1492 Immortale
655 1421 769 1488 odium
791 1423 827 1490 et
849 1439 1025 1508 nunquam
1047 1423 1199 1491 sanabile
1223 1423 1345 1492 vulnus

324 1549 390 1616 525
433 1546 539 1614 Corde
561 1545 695 1632 premit.
719 1549 804 1614 Tum
825 1564 888 1615 rex
910 1546 1065 1616 Smerdin
1089 1548 1262 1635 sociosque
1285 1549 1448 1618 molestas

435 1671 594 1739 Divinare
618 1672 717 1739 notas
738 1671 889 1758 imosque
912 1672 1087 1741 recludere
1109 1690 1228 1741 sensus

434 1794 582 1881 Impulit
606 1795 650 1862 At
672 1795 814 1879 trustra,
849 1795 993 1882 nisuque
1016 1796 1176 1864 evolvere
1198 1797 1293 1864 inani

436 1922 608 1990 Arcanum
630 1923 789 1989 tentant:
811 1937 929 1990 seusus
951 1921 1036 1989 latet
1058 1921 1193 1990 abditus
1215 1941 1342 1992 omues.

435 2043 594 2112 Convivis
614 2043 746 2128 gelidus
767 2042 879 2128 gliscit
902 2062 1024 2129 pavor,
1047 2043 1149 2112 ardor
1171 2044 1294 2114 edendi

322 2173 387 2238 530
431 2167 585 2254 Diffugit,
614 2168 753 2236 attoniti
774 2168 917 2253 cyathos
938 2169 975 2236 ct
998 2170 1078 2238 vina
1100 2169 1307 2256 relinquunt.

520 2289 666 2358 Nuntius
687 2289 821 2358 interea
843 2291 985 2376 reginae
1016 2293 1171 2360 monstra
1193 2293 1334 2360 terebat

433 2415 534 2484 Nulla
555 2433 651 2483 mora
673 2417 746 2484 est:
770 2417 857 2502 petit
879 2416 937 2483 illa
959 2417 1090 2500 aulam,
1114 2417 1347 2505 pallentiaque
1370 2436 1432 2486 ora

433 2538 562 2626 Aspicit
582 2541 618 2608 et
640 2540 725 2608 fixos
748 2539 844 2607 fatali
867 2540 903 2607 in
926 2539 1057 2626 pariete
1081 2543 1203 2608 vultus.

433 2665 533 2752 Spem
555 2664 693 2732 simulat
715 2668 850 2748 tamen;
873 2668 926 2750 et,
950 2665 1105 2751 quamvis
1126 2667 1310 2749 exterrita,
1334 2668 1447 2736 verbis

324 2793 390 2860 535
433 2791 581 2861 Lenibus
601 2791 784 2877 alloquitur
814 2790 991 2877 tenditque
1013 2794 1172 2859 avertere
1194 2810 1302 2862 curas

435 2917 498 2994 Qui
521 2917 583 2985 tibi
605 2918 722 2984 tantus
742 2935 856 3000 amor,
879 2934 959 3000 rex,
988 2919 1050 2985 aut
1070 2935 1158 3002 quae
1182 2919 1280 2986 tanta
1302 2920 1423 3004 cupido

435 3045 526 3112 Scire
548 3044 691 3128 ignotal
714 3043 802 3129 sugit
822 3044 995 3129 sapientes
1016 3043 1133 3138 littera
1154 3044 1262 3131 signis

434 3169 564 3256 Scripta
586 3169 700 3252 novis;
725 3171 842 3238 tamen
865 3169 920 3235 hic
941 3169 1062 3237 iudaeo
1084 3170 1252 3254 sanguiue
1275 3173 1387 3238 cretus

437 3293 495 3361 Fst
517 3293 653 3375 Daniel,
677 3293 778 3378 louge
800 3291 988 3378 sapientior
1009 3292 1166 3361 omnibus
1187 3311 1292 3361 unus:

327 3421 392 3486 540
436 3423 533 3487 Hunc
550 3437 678 3506 magus,
694 3419 786 3486 hunc
800 3422 957 3505 satrapae
979 3418 1164 3506 sollersque
1179 3422 1318 3487 veretur
1333 3419 1522 3505 haruspex;

353 3609 355 3616 ,
436 3543 523 3620 Quin
545 3546 624 3611 tuus
645 3544 716 3630 ipse
739 3545 838 3630 pater
859 3544 1035 3624 iuvenem,
1059 3561 1162 3630 quem
1185 3545 1327 3614 numina
1350 3544 1456 3612 tantis

436 3669 612 3738 Ornabant
633 3669 745 3752 donis,
770 3669 865 3753 regui
889 3667 1100 3755 satrapisque
1116 3669 1291 3756 magisque

439 3793 671 3880 Praetulerat‚
699 3797 796 3864 vates
817 3812 921 3880 quum
942 3795 1074 3862 somnia
1094 3794 1262 3881 panderet
1282 3795 1359 3864 olli:

434 3922 528 3990 Haec
549 3918 684 4002 Daniel,
709 3920 792 3987 mihi
813 3923 909 3988 certa
930 3920 1030 4003 tides,
1063 3938 1194 3988 arcana
1215 3921 1377 3989 recludet.

326 4045 391 4112 545
523 4045 577 4113 Sic
597 4043 676 4112 illa:
699 4047 737 4112 at
757 4045 877 4112 Daniel
898 4045 1030 4114 secreta
1052 4047 1150 4131 parte
1173 4063 1344 4128 seorsum,

436 4172 542 4258 Impia
565 4171 716 4240 vecordis
739 4171 916 4240 miseratus
939 4172 1031 4240 sacta
1051 4173 1210 4257 tyranni,

436 4296 588 4382 Urgebat
610 4296 742 4365 caelum
766 4297 869 4380 votis,
904 4297 1124 4383 precibusque
1147 4299 1294 4366 vacabat

436 4420 547 4503 Solus,
578 4425 615 4489 et
636 4422 789 4490 insontes
812 4422 953 4492 tollebat
973 4423 1016 4490 ad
1039 4425 1183 4491 aethera
1205 4423 1335 4509 palmes

376 4572 382 4599 ι
433 4548 620 4633 implorans
642 4549 794 4632 veniam,
827 4549 928 4617 toties
941 4527 1140 4636 'iterataque
1162 4550 1291 4619 sanctis
