3472 5360
289 482 333 548 98
773 487 1011 542 cumutamus
1032 481 1035 488 ’

397 619 508 688 Acciri
530 635 687 705 proceres
717 615 885 702 lautisque
918 614 1119 682 accumbere
1143 612 1277 681 mensis

288 747 353 812 455
396 745 546 813 cernere
569 744 646 810 erat
667 741 766 828 pictis
788 740 953 808 cenacula
980 741 1089 807 strata
1111 739 1236 825 tapetis

400 868 523 955 Ampla
547 867 664 948 nimis;
687 865 802 951 lychni
826 864 979 950 pendent
1001 864 1215 950 laquearibus
1236 865 1365 943 aureis,

314 1071 321 1084 ,
398 996 607 1062 Marmoreus
628 992 775 1061 tremula
797 991 909 1077 paries
930 992 993 1058 sub
1014 990 1089 1058 luce
1113 989 1257 1059 renidet

399 1120 616 1190 Conveniunt
639 1117 736 1203 regni
760 1135 932 1204 proceres,
956 1116 1152 1204 mediusque
1174 1119 1376 1187 recumbens

401 1247 596 1315 Balthasear
618 1245 771 1314 thalamo
792 1246 920 1313 stratus
942 1244 1076 1314 lascivit
1097 1246 1246 1312 eburno:

292 1378 358 1442 460
401 1374 510 1442 Multa
530 1375 627 1442 sedet
648 1373 775 1441 circum
797 1371 909 1457 pellex
940 1375 1141 1458 comptoque
1164 1372 1285 1458 capillo

401 1501 577 1584 Purpurea
599 1498 637 1565 et
656 1497 748 1583 palla
769 1496 980 1581 gemmisque
1007 1497 1168 1581 proterva
1189 1497 1345 1582 refulget

403 1626 539 1690 Interea
563 1621 711 1690 famulae
733 1623 872 1688 centum
894 1621 1101 1707 centumque
1125 1621 1269 1690 ministri

402 1747 534 1812 Cuncta
556 1747 680 1831 parant
709 1745 930 1830 statuuntque
961 1743 1066 1828 dapes
1087 1745 1123 1810 et
1145 1746 1265 1830 pocula
1289 1746 1437 1814 tundunt

402 1868 509 1938 Multa
531 1869 634 1954 meri,
659 1868 753 1937 iestis
774 1869 937 1934 resonant
959 1867 1162 1937 clamoribus
1183 1869 1304 1952 aulae;

292 1995 357 2062 465
402 1995 657 2080 Sambucaeque
681 1992 851 2078 tubaeque
874 1995 1033 2079 strepunt
1054 1991 1273 2079 citharaeque
1297 1994 1459 2080 lyraeque

403 2119 562 2186 Pulsatae
585 2118 716 2204 plectro
749 2119 786 2186 et
809 2115 940 2184 blandis
961 2117 1165 2203 symphonia
1188 2119 1328 2186 chordis.

403 2244 465 2311 Hic
487 2245 600 2325 vates,
624 2243 776 2309 numeris
798 2240 931 2326 regales
952 2241 1104 2310 dulcibus
1124 2261 1225 2311 aures

404 2369 566 2436 Assuetus
588 2368 754 2448 mulcere,
778 2367 962 2452 canitque
986 2367 1126 2435 numine
1150 2369 1314 2438 Nembrot

404 2491 527 2558 Eduxit
548 2489 642 2558 silvis
663 2488 835 2572 homines,
859 2491 895 2557 et
916 2489 1067 2557 condidit
1088 2489 1224 2573 urbem,

295 2616 360 2682 470
404 2616 513 2691 Quam
536 2614 681 2699 primam
705 2613 805 2680 terris
825 2617 1024 2698 surgentem
1050 2615 1234 2702 opibusque
1256 2619 1437 2704 superbam

404 2741 573 2828 Reginam
602 2739 711 2807 laetus
733 2738 838 2808 rutila
858 2739 907 2807 sol
931 2739 1087 2827 lampade
1120 2742 1261 2828 lustrat,

404 2868 447 2934 Et
468 2883 634 2950 magnum
656 2865 837 2952 Euphratis
859 2865 947 2933 tollit
968 2885 1070 2952 super
1089 2867 1232 2936 aethera
1254 2877 1391 2937 nornen.

405 2991 542 3059 Vallum
563 2990 688 3074 ingens
709 2993 815 3057 cantu
836 2991 1004 3074 celebrat,
1027 2991 1217 3061 munimina
1240 2996 1358 3078 turne,

405 3118 594 3188 Pensilibus
626 3117 725 3187 tiores
747 3117 854 3186 hortis
883 3117 1090 3205 delubraque
1113 3121 1194 3189 Beli.

297 3246 362 3311 475
404 3246 572 3327 Pergama
594 3242 622 3310 si
644 3242 815 3326 cecidere,
838 3260 899 3310 suo
921 3260 958 3310 se
980 3243 1101 3313 robore
1121 3245 1262 3313 firmans

246 3359 248 3364 ’
406 3370 481 3437 Stat
503 3369 655 3454 Babylon
686 3369 861 3455 cingitque
884 3369 981 3436 novis
1003 3387 1064 3438 sua
1086 3372 1242 3458 tempora
1263 3376 1370 3442 sertis.

406 3495 564 3562 Subditur
586 3495 778 3581 Aegyptus
802 3494 894 3579 Tyrii
916 3495 1121 3578 subduntur,
1145 3499 1181 3566 ei
1202 3499 1263 3566 alti

404 3619 491 3688 Huic
514 3621 647 3688 montes
669 3620 770 3722 Tauri
793 3622 829 3688 et
851 3620 946 3687 dives
968 3621 1153 3690 Phoenicia
1175 3624 1274 3693 cedit.

408 3744 495 3820 Quin
518 3745 623 3812 etiam
645 3743 846 3812 Abramidas
868 3744 977 3814 victos
998 3747 1225 3834 populumque
1248 3752 1387 3819 remotis

297 3869 361 3933 480
408 3864 523 3932 Exiliis
542 3865 659 3932 actum
689 3865 725 3931 et
748 3864 921 3932 viduatam
945 3866 1074 3935 civibus
1096 3868 1211 3936 urbem

406 3992 448 4057 Et
469 4007 591 4075 pueros
613 3988 698 4055 vidit
721 3991 936 4077 tractumque
958 3991 995 4057 in
1018 3993 1156 4060 vincula
1177 4013 1304 4080 regern.

405 4115 458 4183 Sic
480 4114 546 4197 ait,
569 4116 606 4181 et
626 4117 782 4200 pateram
804 4119 1021 4200 spumantem
1043 4117 1100 4184 ille
1124 4119 1269 4205 impiger
1291 4121 1413 4190 hausit.

406 4243 460 4310 Fit
481 4242 659 4328 strepitus3
682 4242 819 4328 plausus
842 4243 985 4326 iterant,
1021 4245 1057 4312 et
1078 4246 1200 4330 pocula
1222 4247 1331 4314 libant

407 4368 579 4436 Convivae
611 4368 800 4455 tolluntque
824 4369 904 4439 deos
929 4371 972 4438 ad
992 4371 1121 4455 sidera,
1143 4391 1203 4440 seu
1227 4393 1310 4461 quos

298 4500 362 4564 485
407 4499 496 4565 here
521 4495 633 4579 faber,
657 4514 716 4565 seu
739 4515 822 4582 quos
843 4501 990 4582 argento
1012 4500 1089 4568 tinit
1103 4505 1140 4570 et
1162 4519 1245 4568 auro
