3560 5368
326 497 392 564 288
699 511 745 566 nn
776 513 894 567 ulam
923 513 1163 567 rnsmnnurn

435 641 599 724 Tempore
622 656 688 724 quo
711 641 820 710 Moses
843 639 1073 726 nequidquam
1095 639 1267 709 horrenda
1288 641 1455 725 canebat,

522 764 566 832 Ut
588 764 728 832 miseros
749 763 870 834 vinclis
891 764 1040 834 solveret
1061 763 1216 834 lsaoides

435 887 562 974 Impius
582 887 702 956 irridet
722 907 806 973 rex,
828 892 933 977 atque
956 887 1150 957 incredulus
1171 889 1242 958 odit

520 1015 614 1081 Iuma
635 1013 712 1096 liei,
735 1015 772 1082 et
794 1012 890 1083 fessis
911 1013 999 1082 oolla
1021 1013 1138 1082 labore
1160 1015 1294 1102 premit

345 1139 390 1204 25
434 1137 535 1205 Addit
556 1155 640 1223 opus
665 1137 882 1224 cumulatque
905 1138 1035 1206 minas:
1069 1137 1120 1206 nil
1142 1138 1255 1208 ferrea
1276 1139 1382 1209 flectit

522 1260 648 1345 Corda,
672 1260 753 1330 lieet
775 1261 936 1330 monstris
957 1261 1048 1330 visus
1068 1263 1186 1332 adesse
1208 1265 1306 1333 Deus.

433 1383 521 1451 Hine
544 1383 690 1452 fecunda
711 1383 833 1454 avidae
856 1384 1062 1471 populantur
1083 1385 1177 1454 culta
1197 1386 1362 1471 locustae,

521 1511 681 1596 Puraque
703 1511 902 1596 sanguineis
922 1509 1073 1579 lontibus
1093 1512 1187 1580 unda
1207 1515 1316 1582 rubet

436 1633 641 1700 Innumerae
663 1632 754 1718 putri
776 1632 902 1700 saliunt
924 1650 944 1700 e
967 1633 1104 1718 gurgite
1127 1651 1252 1719 ranae,

347 1755 391 1821 30
473 1754 480 1768 '
523 1756 566 1824 Et
588 1756 687 1825 foedo
708 1756 840 1825 miseris
860 1756 975 1826 ulcere
997 1758 1150 1828 membra
1172 1762 1317 1828 tument.

435 1880 669 1968 Abreptosque
692 1899 761 1950 uno
784 1885 912 1950 matres
934 1882 1019 1950 dent
1042 1882 1164 1952 sunere
1187 1888 1307 1968 natos,

524 2009 566 2074 ut
588 2005 738 2073 triduum
759 2005 901 2075 obtenta
923 2009 1025 2076 nocte
1048 2011 1153 2076 ruunt
1173 2009 1347 2079 tenebrae.
1402 2095 1405 2102 Ι

436 2133 529 2198 Tune
552 2149 633 2199 vero
655 2131 767 2200 isiacis
789 2131 916 2200 invitus
937 2134 1059 2202 cedere
1081 2135 1200 2217 terris,

523 2257 565 2322 nt
588 2258 675 2324 Deus
697 2256 897 2325 Abramidas
920 2276 986 2344 quo
1009 2262 1129 2344 vocat,
1152 2259 1203 2328 ire
1225 2260 1316 2328 sinit.

346 2382 390 2447 35
435 2382 482 2447 At
503 2399 582 2448 mox
604 2381 797 2467 poenituit3
820 2383 906 2450 dura
928 2382 996 2451 heu
1019 2383 1176 2462 mortalia
1198 2385 1321 2453 corda!

525 2505 759 2592 cedentesque
783 2505 901 2574 furens
923 2510 1024 2576 noote
1046 2508 1169 2595 dieque
1191 2511 1326 2597 premit.

437 2631 523 2709 Quid
545 2631 701 2700 facienti
722 2649 823 2718 rupes
845 2632 926 2699 hino
949 2633 1121 2702 montibus
1138 2613 1399 2721 impendentes,

527 2753 716 2840 porrigitur
738 2753 875 2823 tumidis
897 2754 977 2823 hinc
1000 2756 1210 2842 Erythraeus
1231 2759 1336 2844 aquis.

439 2883 577 2950 Interea
599 2880 708 2950 Moses
730 2881 914 2950 animosior
935 2899 1086 2969 aequora
1107 2885 1206 2970 virga

351 3009 394 3073 40
527 3007 700 3088 Perculit,
723 3024 768 3074 en
791 3007 862 3074 late
885 3006 1028 3076 dissiluit
1051 3007 1213 3095 pelagus,

438 3134 480 3198 Et
502 3131 606 3199 rectis
628 3149 762 3199 murum
784 3131 939 3201 referens
961 3133 1187 3202 circumstetit
1207 3133 1323 3202 undis:

526 3253 675 3321 Isaoidae
699 3253 779 3322 hino
800 3255 897 3323 sionis
919 3255 1116 3322 transiliunt
1139 3255 1289 3341 pedibus.

441 3383 521 3448 Post
542 3380 636 3466 ipse,
659 3379 843 3448 immensos
864 3380 1003 3466 agitans
1024 3380 1222 3467 peditesque
1244 3381 1455 3468 equitesque,

526 3507 701 3574 Insuetum
725 3505 858 3574 Pharao
880 3524 941 3591 per
964 3522 1060 3575 mare
1084 3507 1198 3574 tentat
1220 3506 1295 3574 iter.

355 3637 397 3699 45
440 3633 487 3700 At
509 3633 631 3700 eontra
653 3631 778 3701 effusus
799 3651 1026 3718 magnorum
1049 3651 1222 3701 murmure
1244 3637 1369 3731 pontus

528 3758 690 3841 Solvitur,
715 3757 849 3826 iniectis
871 3761 908 3827 et
930 3758 1000 3827 ruit
1021 3757 1130 3827 imber
1151 3759 1257 3846 aquis.

442 3886 579 3971 Ingenti
602 3902 672 3952 una
692 3901 812 3951 omnes
833 3885 1014 3971 rapiuntur
1035 3884 1192 3969 gurgite,
1216 3886 1253 3952 et
1273 3883 1380 3952 altum

532 4009 621 4086 Quot
643 4008 713 4076 late
735 4007 897 4079 exhorret
918 4012 1018 4095 turpe
1040 4007 1281 4077 cadaveribus!

443 4139 535 4205 Haeo
557 4135 697 4204 dierunt
719 4133 820 4202 olim:
843 4135 902 4203 sed
923 4153 1017 4202 nune
1039 4135 1191 4202 diversus
1211 4133 1256 4202 ab
1278 4133 1335 4202 illo
1358 4137 1427 4216 est,

357 4266 400 4332 50
530 4263 611 4346 Eia,
635 4280 785 4347 exurge:
809 4261 871 4329 tibi
895 4261 1063 4331 maximus
1085 4262 1209 4350 hospes
1230 4263 1335 4330 adest

442 4391 492 4459 Ne
516 4388 622 4456 moles
644 4387 714 4488 illi,
739 4405 828 4458 neve
850 4388 922 4457 alta
942 4387 1073 4474 palatia
1095 4404 1216 4473 regum

531 4517 710 4598 ostentes,
734 4532 799 4583 neo
821 4533 905 4606 quas
927 4513 1047 4586 tollere
1070 4513 1264 4602 pyramidas
