3576 5376
776 543 890 596 viam
1372 529 1444 598 357

257 669 302 736 25
338 621 496 735 'triuerat
517 665 601 754 (non
623 667 696 754 ipsa
718 667 779 736 Dei
800 667 997 754 praesentia
1018 669 1154 736 tantum

344 793 480 860 Avertit
500 791 609 861 scelus
630 793 692 860 aut
713 791 824 879 pietas
846 792 1017 878 longaeva
1038 793 1260 883 parentum),

346 917 389 983 ut
409 913 536 984 molem
558 915 641 983 duro
663 917 817 983 tentarat
837 915 979 1002 perder'e
1002 916 1102 985 ferro.

346 1040 392 1107 At
414 1038 521 1108 veluti
543 1039 669 1125 rapidis
690 1041 843 1109 exercita
864 1039 999 1110 flatibus
1019 1043 1125 1110 austri

347 1164 462 1232 Ulmus
484 1181 591 1250 opaca
611 1181 727 1234 eomas
756 1166 815 1233 vix
837 1165 903 1234 buc
924 1164 1075 1235 deflectit
1096 1169 1132 1236 et
1153 1167 1233 1236 illuc

258 1291 302 1358 30
345 1289 476 1372 Ardua,
500 1287 685 1376 defixusque
706 1288 778 1358 solo
800 1291 969 1360 radicibus
991 1290 1128 1360 haeret:

346 1415 399 1482 Sic
420 1415 565 1482 steterat
586 1413 688 1481 nullis
709 1432 873 1484 concussa
894 1414 1064 1483 laboribus
1085 1416 1197 1486 aedes

348 1538 430 1603 Tum
453 1534 662 1621 superhaec
684 1535 821 1605 tumidis
842 1536 970 1605 exarsit
992 1537 1147 1606 cordibus
1169 1538 1244 1625 ille,

346 1661 411 1729 Ter
433 1661 571 1747 quaset
592 1661 696 1762 caput
717 1651 918 1731 infrende'ns
938 1664 976 1729 et
997 1663 1051 1730 ter
1074 1663 1160 1748 pede
1183 1665 1311 1732 terram

348 1785 516 1854 Percutit:
540 1783 620 1852 hinc
641 1783 756 1852 tristes
777 1786 869 1854 acuit
891 1787 1101 1854 sermonibus
1123 1786 1205 1855 iras:

259 1911 304 1978 35
347 1910 475 1978 Vincar
496 1927 561 1996 ego
584 1910 779 1996 coeptisque
801 1909 907 1996 igitur
930 1910 1111 1980 frustratus
1132 1911 1254 1980 ebibet

347 2033 391 2100 Et
410 2033 546 2101 videam
568 2031 681 2118 fragili
703 2035 904 2117 congestum
924 2033 1040 2121 stipite
1062 2034 1198 2103 culmen

348 2157 610 2244 Praeruptisque
632 2157 775 2226 horrens
795 2158 887 2226 saxis
908 2157 1066 2227 attollere
1088 2158 1183 2228 caelo

349 2285 511 2352 Securum
532 2286 635 2371 caput
656 2287 759 2370 atque
781 2285 961 2352 aeternum
983 2284 1101 2353 vivere
1122 2285 1246 2353 terrist

350 2409 480 2478 Vincar
501 2425 576 2494 ego,
600 2408 823 2476 monumenta
845 2409 967 2494 potens
988 2425 1136 2496 aequare
1158 2410 1282 2493 ruinis,

265 2536 308 2602 40
351 2532 616 2619 Pyramidasque
638 2532 727 2600 altas
747 2535 784 2602 et
805 2534 1061 2621 propugnacula
1083 2534 1223 2601 summis

349 2657 474 2726 Addita
493 2657 679 2726 verticibus
701 2658 877 2744 turresque
900 2660 936 2727 et
958 2659 1110 2727 maxima
1131 2659 1248 2728 divum

352 2781 497 2849 Delubra
518 2783 555 2849 et
576 2781 692 2848 multis
712 2779 873 2849 florentes
894 2781 1054 2865 gentibus
1074 2783 1197 2850 urbest

352 2909 427 2975 Non
449 2905 514 2974 ita:
537 2905 566 2974 si
588 2905 671 2974 duro
692 2905 817 2991 triplex
839 2904 1023 2974 adamante
1045 2906 1177 2992 rigeret

350 3036 443 3102 Haec
466 3033 601 3113 domus,
624 3032 660 3099 et
681 3030 790 3098 rabidi
811 3029 956 3099 flammis
977 3031 1186 3100 torrentibus
1207 3049 1327 3102 amnes

263 3164 306 3230 45
350 3159 536 3229 Servarent
556 3173 746 3254 saevaeque
767 3155 932 3224 immania
954 3159 1107 3225 monstra
1128 3157 1340 3228 chimaerae:

352 3283 428 3350 Non
450 3281 536 3349 haec
558 3279 700 3365 effugiet
721 3278 807 3347 nulli
827 3279 1018 3365 superabile
1041 3279 1091 3348 lat
1152 3332 1161 3348 .

351 3404 384 3472 Si
406 3402 489 3473 mihi
509 3421 576 3471 nec
598 3402 689 3471 vires
710 3403 912 3489 amnemque
936 3402 1097 3472 caedibus
1118 3421 1216 3472 arma
1271 3389 1273 3394 ’

354 3529 429 3597 Sint
448 3527 548 3610 satis,
571 3527 662 3595 haud
685 3526 808 3595 animis
829 3527 908 3595 odia
928 3529 1112 3596 exatureta
1134 3529 1326 3615 quiescent:

354 3653 408 3720 Nil
430 3651 640 3721 intentatum
665 3652 835 3739 linquam,
857 3651 1038 3738 implorare
1060 3652 1149 3739 quod
1171 3672 1313 3741 usquam
1336 3656 1388 3722 cst

265 3781 308 3845 50
353 3780 423 3847 Nec
445 3777 612 3858 dubitem3
635 3779 755 3846 subeat
778 3777 869 3845 ferro
891 3775 1073 3846 violentior
1095 3777 1194 3864 ignis.

354 3903 493 3972 Invidus
513 3902 579 3971 ista
600 3919 708 3971 senex
730 3899 857 3970 ibriata
878 3903 995 3970 mente
1017 3901 1195 3986 volutans,

354 4028 532 4115 Extemplo
554 4027 678 4097 faloam
698 4027 781 4095 iacit
803 4025 1001 4113 indignatus
1021 4027 1179 4112 inanem,

353 4157 584 4225 Flammantes
604 4155 694 4241 rapit
716 4153 796 4222 inde
818 4153 910 4222 faces
931 4153 1127 4239 nitrumque
1148 4155 1343 4242 picemque,

355 4283 519 4369 Sulphure
541 4283 693 4350 tartareo
714 4279 875 4366 lentoque
898 4279 1064 4348 bitumine
1087 4279 1225 4364 miscet,

267 4411 311 4478 55
354 4413 580 4494 Incensusque
601 4407 718 4493 globos
740 4422 872 4475 summa
893 4405 937 4473 ad
959 4403 1095 4491 fastigia
1116 4405 1232 4474 iactat.

353 4537 428 4604 Nox
449 4536 542 4619 erat,
565 4535 601 4602 et
623 4535 766 4602 Romam
789 4533 933 4599 tenuere
955 4530 1092 4599 silentia
1114 4529 1202 4598 late:
