3560 5368
360 505 425 572 208
866 521 1064 572 enramnos

469 647 510 712 itt
531 664 630 714 curas
652 665 791 729 omnes,
813 663 934 714 omnes
956 649 993 714 et
1014 646 1108 715 obire
1131 647 1265 716 labores

468 768 632 855 impavidi
655 773 692 838 et
713 772 845 838 cunctis
866 774 969 856 caput
991 769 1162 838 obiectare
1185 771 1336 857 periclis,

469 895 512 960 Ut
534 893 667 961 Christo
688 895 798 980 geniti
821 896 959 981 patrata
981 893 1116 979 piacula
1138 903 1302 978 tergant,

385 1019 423 1082 10
469 1019 715 1103 Unganturque
737 1018 814 1085 olea
837 1018 987 1100 frontes,
1011 1020 1047 1086 et
1069 1035 1209 1104 corpore
1234 1019 1322 1104 pasti

468 1142 608 1224 silvino,
633 1143 769 1227 frugum
791 1143 853 1209 sub
875 1141 1046 1226 imagine,
1072 1147 1213 1228 pectora
1235 1143 1383 1208 lirment.

468 1265 614 1332 Mittitur
636 1266 771 1334 interea
793 1267 958 1346 Romam,
981 1283 1074 1332 nova
1096 1265 1225 1350 praelia
1250 1268 1374 1332 Petrus

469 1391 512 1456 Ut
534 1394 651 1458 noscat
672 1393 790 1476 partas
811 1393 848 1456 et
870 1389 1002 1456 honora
1024 1393 1133 1458 morte
1155 1407 1318 1472 coronas,
1369 1385 1370 1388 ’

468 1513 638 1582 Candidus
659 1517 793 1596 orator,
817 1513 948 1581 reierat
971 1514 1029 1598 qui
1052 1513 1245 1581 insubribus
1267 1515 1335 1580 oris

384 1643 424 1706 15
469 1641 578 1716 Quam
602 1639 674 1708 iera
696 1639 911 1708 Christicolas
933 1641 1119 1725 tempestas
1141 1640 1262 1706 obruit
1294 1639 1355 1706 Ille

470 1769 618 1836 Nuntius
639 1767 828 1837 adveniens
849 1770 986 1838 moestis
1008 1771 1057 1838 sic
1079 1769 1218 1838 vocibus
1239 1769 1336 1836 indt:

557 1895 731 1964 Innumeri
755 1897 870 1963 nostro
893 1895 1047 1964 cocidere
1070 1913 1089 1964 e
1111 1895 1269 1982 germine
1289 1895 1412 1980 fortes,

471 2023 597 2089 Matres
618 2025 722 2108 atque
744 2021 809 2089 viri
831 2021 995 2108 puerique
1017 2039 1060 2090 ac
1081 2020 1213 2088 innuba
1233 2023 1348 2106 pubes.

473 2147 557 2214 Novi
580 2150 717 2232 egomet
740 2146 883 2230 iratres,
907 2149 1045 2216 teneros
1067 2146 1215 2214 nutrirat
1237 2149 1314 2214 lesu

383 2274 427 2338 20
471 2273 598 2340 Sancta
621 2288 745 2356 parens
768 2271 877 2358 (alter
901 2272 1066 2356 ProtasiS,
1090 2290 1274 2356 germanus
1297 2275 1333 2338 et
1356 2270 1462 2349 alter,

473 2397 617 2466 Nomine
639 2397 850 2484 dervanus),
872 2399 1029 2482 geminos
1050 2398 1255 2466 iuvenilibus
1275 2398 1376 2464 annis

378 2588 383 2600 ,
471 2525 514 2590 nt
536 2522 645 2590 iorma
666 2527 703 2590 et
724 2522 852 2592 virtute
874 2540 994 2608 pares,
1017 2541 1101 2608 quos
1122 2523 1234 2590 omnis
1256 2524 1395 2591 amabat

473 2649 558 2716 Urbs
580 2647 778 2716 Mediolani:
804 2648 926 2716 Vitalis
947 2647 1053 2716 divite
1076 2667 1182 2716 censu

471 2774 622 2841 Auxerat
644 2773 705 2839 hos
727 2773 864 2857 genitor
887 2773 1051 2855 moriens,
1075 2772 1135 2840 aed
1157 2775 1301 2858 uterque
1326 2789 1467 2857 perosus

382 2901 427 2966 25
470 2898 647 2967 Molliliem
670 2899 762 2966 vitae
784 2901 821 2966 et
843 2899 922 2966 vani
945 2898 1123 2966 molimina
1145 2900 1271 2981 fastus,

473 3026 602 3093 Aurum
624 3025 828 3111 pauperibus
849 3024 944 3109 large
968 3026 1189 3111 impendebat
1210 3015 1350 3092 alendis.
1487 3077 1493 3090 .

473 3151 561 3228 Quin
583 3151 664 3237 ipsis
686 3152 722 3218 et
743 3149 830 3218 cella
853 3151 964 3218 brevis
985 3153 1206 3236 secretaque,
1230 3155 1349 3217 noctes

474 3277 585 3364 Atque
608 3277 680 3345 dies
702 3276 790 3344 votis
813 3277 1033 3362 precibusque
1058 3294 1180 3344 vacare
1203 3276 1317 3344 suetis.

476 3405 519 3470 ,tt
541 3402 621 3469 dum
645 3401 870 3470 Marcomanis
893 3419 1035 3470 romana
1057 3401 1211 3469 Astasius
1231 3419 1328 3468 arma

388 3531 431 3595 30
476 3529 549 3594 Dux
571 3527 697 3608 insert,
729 3526 909 3612 placatque
933 3544 1023 3593 novo
1045 3525 1227 3594 simulacra
1248 3524 1388 3592 deorum

475 3655 562 3721 Ture
583 3652 708 3735 litans,
732 3670 869 3738 pugnae
892 3669 979 3739 quae
1003 3651 1073 3718 sint
1095 3653 1131 3720 et
1153 3651 1226 3718 iata
1248 3651 1410 3736 requirit:

474 3780 566 3846 Haec
588 3778 694 3844 Satan
717 3795 880 3863 responsa
902 3775 1010 3844 refert
1030 3813 1075 3823 -
1097 3778 1146 3843 Tu
1169 3776 1279 3843 victus
1300 3776 1428 3854 abibis,

398 3921 402 3931 ·
477 3901 518 3968 Ni
539 3903 696 3987 geminos
716 3901 836 3986 adiges
856 3901 927 3969 aris
948 3901 1133 3969 incendere
1156 3900 1323 3980 honores,

476 4030 588 4114 Atque
612 4028 821 4096 reluctantes
842 4026 970 4094 crudeli
995 4025 1116 4093 sunere
1138 4025 1260 4110 perdas
1281 4063 1325 4072 -

390 4157 433 4222 35
479 4157 548 4224 Nec
571 4173 686 4222 mora:
710 4154 854 4240 quaesiti
877 4153 1039 4233 iuvenes,
1063 4170 1144 4220 nam
1168 4152 1247 4218 sede
1272 4150 1426 4218 latebant

480 4283 590 4367 Usque
612 4299 693 4363 sua,
716 4281 797 4348 dare
820 4282 899 4348 tura
922 4279 1014 4358 lovi,
1038 4278 1201 4364 donisque
1224 4275 1391 4361 minisque

479 4407 669 4493 compulsi,
692 4408 863 4488 renuunt3
888 4405 970 4472 iurit
991 4404 1060 4472 acri
1084 4403 1238 4472 Astasius
1260 4403 1320 4470 ira

478 4537 562 4604 Tum
586 4535 735 4603 Protasis
756 4533 866 4601 subibo
889 4533 1035 4602 nudatus
1058 4548 1197 4618 corpore
1220 4531 1292 4597 toto
