3576 5376
826 496 939 546 vnum

400 619 536 687 Artibus
557 615 718 705 ingenuis
740 619 885 702 studuit,
908 620 1044 687 sudavit
1065 622 1101 686 et
1123 621 1218 702 alsit,

397 746 465 812 Neo
487 742 590 830 genio
611 742 766 810 indulsit:
790 742 963 810 comoedia
985 761 1149 830 namque,
1174 743 1340 811 Minerval

307 867 352 934 25
394 870 455 935 Est
477 865 611 949 titulus,
634 866 837 934 bacchanali
860 867 915 935 vel
938 869 1092 954 tempore
1112 870 1211 954 gesta
1233 871 1302 949 est,

394 992 502 1068 Quam
525 991 633 1058 nitide
656 989 745 1057 Latii
766 990 898 1076 scripsit
920 1007 1078 1058 sermone
1099 990 1282 1059 Palumbus

394 1113 727 1196 commessalibus
748 1114 862 1182 Plauti
886 1116 922 1181 et
942 1113 1081 1182 condire
1102 1114 1249 1198 sategit,

394 1238 502 1316 Quam
524 1240 734 1324 spectatores
757 1237 877 1325 plausu
899 1254 1065 1324 excepere
1088 1236 1277 1324 frequenti,

393 1363 501 1438 Quam
525 1364 684 1448 repetent
706 1362 865 1444 iuvenes,
890 1364 925 1428 te
947 1363 1158 1448 spectatore,
1182 1361 1338 1429 libenter.

305 1489 349 1554 30
393 1489 481 1571 Ergo
504 1487 602 1570 veni,
625 1488 785 1572 exoptate
809 1485 912 1568 veni;
934 1503 1014 1553 mea
1037 1488 1129 1553 tecta
1151 1489 1348 1572 patescunt;

391 1612 445 1679 Me
469 1605 602 1678 dulcem
624 1609 720 1678 lubet
741 1613 778 1677 et
798 1611 935 1678 doctum
957 1609 1080 1678 vidisse
1101 1609 1251 1678 sodalem

391 1733 615 1820 Alloquioque
637 1732 703 1801 frui
726 1736 763 1802 et
785 1751 926 1802 mensae
947 1736 1147 1802 accumbere
1171 1734 1291 1802 eidem.

393 1857 495 1926 Nulla
517 1857 612 1939 viae,
635 1860 669 1926 te
694 1857 788 1925 nulla
810 1857 875 1926 loci
899 1855 1042 1925 formido
1065 1860 1232 1940 moretum

391 1983 468 2050 Non
490 1981 545 2048 hic
566 1980 728 2060 insidiae,
752 1998 823 2048 non
845 1981 941 2067 plebs
960 1982 1080 2066 aptata
1102 1980 1258 2049 tumultu.

302 2107 347 2173 35
390 2107 589 2191 Promptum
611 2106 695 2173 iter:
720 2103 846 2172 Urbino
870 2104 1012 2172 veniens
1033 2105 1089 2171 via
1111 2103 1225 2172 ferrea
1245 2103 1314 2171 iam
1338 2121 1429 2172 nunc

388 2230 440 2299 Ad
462 2249 557 2299 mare
581 2229 766 2318 porrigitur
773 2248 783 2312 ;
808 2230 916 2297 nitido
939 2246 1041 2315 quem
1063 2229 1214 2297 carmine
1238 2229 1342 2312 dicis,

388 2355 451 2422 Hic
472 2372 580 2440 vapor
601 2355 775 2440 excipiens
797 2357 974 2422 cantorem
995 2353 1139 2440 gestiet,
1164 2353 1262 2421 undis

390 2479 543 2548 Adriacis
565 2479 707 2547 Aesinus
728 2479 785 2546 ubi
807 2497 844 2547 se
866 2479 1005 2546 tlumine
1030 2477 1149 2546 miscet

388 2608 435 2672 Te
458 2604 574 2691 capide
596 2604 725 2690 rapiat,
749 2603 828 2672 dein
851 2603 917 2671 huc
941 2621 1019 2671 mea
1042 2603 1149 2670 rheda
1171 2601 1318 2671 reducet

301 2727 345 2794 40
389 2730 461 2795 Iam
484 2729 615 2812 valeas,
640 2731 745 2812 bone,
768 2729 826 2797 sed
850 2728 977 2796 veteris
999 2728 1197 2796 memoreris
1218 2726 1331 2794 amici.

388 2852 480 2921 Haec
503 2854 593 2921 desii
616 2853 714 2923 maiis
734 2852 871 2940 scripsi,
895 2852 1060 2934 lacolete,
1083 2851 1243 2920 calendis.
