<?xml version="1.0" encoding="UTF-8"?>
<!DOCTYPE html PUBLIC "-//W3C//DTD XHTML 1.0 Transitional//EN"
    "http://www.w3.org/TR/xhtml1/DTD/xhtml1-transitional.dtd">
<html xmlns="http://www.w3.org/1999/xhtml" xml:lang="en" lang="en">
 <head>
  <title>
</title>
<meta http-equiv="Content-Type" content="text/html;charset=utf-8" />
  <meta name='ocr-system' content='tesseract 3.04.00' />
  <meta name='ocr-capabilities' content='ocr_page ocr_carea ocr_par ocr_line ocrx_word'/>
</head>
<body>
  <div class='ocr_page' id='page_1' title='image "./carmina00morigoog_0301.png"; bbox 0 0 3560 5368; ppageno 0'>
   <div class='ocr_carea' id='block_1_1' title="bbox 292 507 1271 574">
    <p class='ocr_par' dir='ltr' id='par_1_1' title="bbox 292 507 1271 574">
     <span class='ocr_line' id='line_1_1' title="bbox 292 507 1271 574; baseline -0.002 -2"><span class='ocrx_word' id='word_1_1' title='bbox 292 507 357 572; x_wconf 81' lang='lat'>296</span> <span class='ocrx_word' id='word_1_2' title='bbox 667 518 713 571; x_wconf 86' lang='lat' dir='ltr'>nn</span> <span class='ocrx_word' id='word_1_3' title='bbox 741 519 859 574; x_wconf 75' lang='lat' dir='ltr'>nanta</span> <span class='ocrx_word' id='word_1_4' title='bbox 890 519 1128 573; x_wconf 77' lang='lat' dir='ltr'>sssnocnunn</span> <span class='ocrx_word' id='word_1_5' title='bbox 1265 551 1271 570; x_wconf 45' lang='lat' dir='ltr'>t</span> 
     </span>
    </p>
   </div>
   <div class='ocr_carea' id='block_1_2' title="bbox 310 644 1492 4592">
    <p class='ocr_par' dir='ltr' id='par_1_2' title="bbox 310 644 1492 4592">
     <span class='ocr_line' id='line_1_2' title="bbox 400 644 1252 730; baseline 0 -16"><span class='ocrx_word' id='word_1_6' title='bbox 400 645 487 714; x_wconf 88' lang='lat' dir='ltr'>Hinc</span> <span class='ocrx_word' id='word_1_7' title='bbox 508 644 594 714; x_wconf 87' lang='lat' dir='ltr'>alias</span> <span class='ocrx_word' id='word_1_8' title='bbox 615 645 706 713; x_wconf 82' lang='lat' dir='ltr'>inter</span> <span class='ocrx_word' id='word_1_9' title='bbox 728 645 898 714; x_wconf 81' lang='lat' dir='ltr'>Christum</span> <span class='ocrx_word' id='word_1_10' title='bbox 919 645 1083 714; x_wconf 84' lang='lat' dir='ltr'>comitatu</span> <span class='ocrx_word' id='word_1_11' title='bbox 1104 663 1252 730; x_wconf 71' lang='lat' dir='ltr'>meones,</span> 
     </span>
     <span class='ocr_line' id='line_1_3' title="bbox 489 767 1288 854; baseline -0.003 -18"><span class='ocrx_word' id='word_1_12' title='bbox 489 771 636 837; x_wconf 84' lang='lat' dir='ltr'>Tantum</span> <span class='ocrx_word' id='word_1_13' title='bbox 660 767 726 836; x_wconf 84' lang='lat' dir='ltr'>lert</span> <span class='ocrx_word' id='word_1_14' title='bbox 748 785 872 836; x_wconf 89' lang='lat' dir='ltr'>munus</span> <span class='ocrx_word' id='word_1_15' title='bbox 894 769 1031 854; x_wconf 80' lang='lat' dir='ltr'>pectore</span> <span class='ocrx_word' id='word_1_16' title='bbox 1053 769 1116 835; x_wconf 91' lang='lat' dir='ltr'>snb</span> <span class='ocrx_word' id='word_1_17' title='bbox 1139 769 1288 836; x_wconf 87' lang='lat' dir='ltr'>memori.</span> 
     </span>
     <span class='ocr_line' id='line_1_4' title="bbox 401 889 1175 960; baseline -0.003 0"><span class='ocrx_word' id='word_1_18' title='bbox 401 893 539 960; x_wconf 76' lang='lat' dir='ltr'>Interea</span> <span class='ocrx_word' id='word_1_19' title='bbox 560 891 704 960; x_wconf 83' lang='lat' dir='ltr'>miserae</span> <span class='ocrx_word' id='word_1_20' title='bbox 722 891 822 959; x_wconf 84' lang='lat' dir='ltr'>Matri</span> <span class='ocrx_word' id='word_1_21' title='bbox 846 891 916 959; x_wconf 89' lang='lat' dir='ltr'>iam</span> <span class='ocrx_word' id='word_1_22' title='bbox 939 889 1082 958; x_wconf 73' lang='lat' dir='ltr'>nundus</span> <span class='ocrx_word' id='word_1_23' title='bbox 1104 889 1175 958; x_wconf 89' lang='lat' dir='ltr'>ibat</span> 
     </span>
     <span class='ocr_line' id='line_1_5' title="bbox 487 1015 1342 1103; baseline 0.001 -19"><span class='ocrx_word' id='word_1_24' title='bbox 487 1018 682 1098; x_wconf 84' lang='lat' dir='ltr'>Funereus;</span> <span class='ocrx_word' id='word_1_25' title='bbox 704 1018 866 1103; x_wconf 81' lang='lat' dir='ltr'>pmperat</span> <span class='ocrx_word' id='word_1_26' title='bbox 889 1033 969 1084; x_wconf 85' lang='lat' dir='ltr'>nam</span> <span class='ocrx_word' id='word_1_27' title='bbox 994 1015 1067 1084; x_wconf 85' lang='lat' dir='ltr'>iera</span> <span class='ocrx_word' id='word_1_28' title='bbox 1089 1015 1191 1085; x_wconf 83' lang='lat' dir='ltr'>turba</span> <span class='ocrx_word' id='word_1_29' title='bbox 1211 1034 1342 1086; x_wconf 81' lang='lat' dir='ltr'>necem.</span> 
     </span>
     <span class='ocr_line' id='line_1_6' title="bbox 310 1138 1274 1226; baseline 0 -16"><span class='ocrx_word' id='word_1_30' title='bbox 310 1143 356 1210; x_wconf 91' lang='lat'>55</span> <span class='ocrx_word' id='word_1_31' title='bbox 400 1141 555 1220; x_wconf 85' lang='lat' dir='ltr'>Qualiter</span> <span class='ocrx_word' id='word_1_32' title='bbox 576 1140 612 1207; x_wconf 93' lang='lat' dir='ltr'>in</span> <span class='ocrx_word' id='word_1_33' title='bbox 635 1138 729 1207; x_wconf 89' lang='lat' dir='ltr'>silvis</span> <span class='ocrx_word' id='word_1_34' title='bbox 752 1142 914 1226; x_wconf 85' lang='lat' dir='ltr'>repetens</span> <span class='ocrx_word' id='word_1_35' title='bbox 936 1139 993 1207; x_wconf 88' lang='lat' dir='ltr'>ubi</span> <span class='ocrx_word' id='word_1_36' title='bbox 1016 1156 1119 1208; x_wconf 90' lang='lat' dir='ltr'>cerva</span> <span class='ocrx_word' id='word_1_37' title='bbox 1140 1139 1274 1224; x_wconf 85' lang='lat' dir='ltr'>cubile,</span> 
     </span>
     <span class='ocr_line' id='line_1_7' title="bbox 488 1260 1160 1330; baseline -0.001 0"><span class='ocrx_word' id='word_1_38' title='bbox 488 1262 522 1330; x_wconf 85' lang='lat' dir='ltr'>si</span> <span class='ocrx_word' id='word_1_39' title='bbox 545 1264 682 1330; x_wconf 86' lang='lat' dir='ltr'>teneros</span> <span class='ocrx_word' id='word_1_40' title='bbox 701 1261 803 1330; x_wconf 83' lang='lat' dir='ltr'>avido</span> <span class='ocrx_word' id='word_1_41' title='bbox 825 1262 929 1330; x_wconf 88' lang='lat' dir='ltr'>dente</span> <span class='ocrx_word' id='word_1_42' title='bbox 951 1261 1006 1329; x_wconf 90' lang='lat' dir='ltr'>leo</span> <span class='ocrx_word' id='word_1_43' title='bbox 1028 1260 1160 1330; x_wconf 88' lang='lat' dir='ltr'>catulos</span> 
     </span>
     <span class='ocr_line' id='line_1_8' title="bbox 401 1383 1350 1475; baseline 0.003 -22"><span class='ocrx_word' id='word_1_44' title='bbox 401 1386 577 1474; x_wconf 83' lang='lat' dir='ltr'>Abripuit,</span> <span class='ocrx_word' id='word_1_45' title='bbox 600 1383 740 1471; x_wconf 88' lang='lat' dir='ltr'>pedibus</span> <span class='ocrx_word' id='word_1_46' title='bbox 762 1384 889 1472; x_wconf 81' lang='lat' dir='ltr'><strong>rapidis</strong></span> <span class='ocrx_word' id='word_1_47' title='bbox 912 1402 1032 1454; x_wconf 88' lang='lat' dir='ltr'>nemus</span> <span class='ocrx_word' id='word_1_48' title='bbox 1053 1403 1155 1454; x_wconf 88' lang='lat' dir='ltr'>omne</span> <span class='ocrx_word' id='word_1_49' title='bbox 1178 1391 1350 1475; x_wconf 79' lang='lat' dir='ltr'>pererrat,</span> 
     </span>
     <span class='ocr_line' id='line_1_9' title="bbox 487 1509 1251 1598; baseline 0 -18"><span class='ocrx_word' id='word_1_50' title='bbox 487 1513 561 1589; x_wconf 88' lang='lat' dir='ltr'>Qua</span> <span class='ocrx_word' id='word_1_51' title='bbox 581 1509 721 1598; x_wconf 77' lang='lat' dir='ltr'>perlusa</span> <span class='ocrx_word' id='word_1_52' title='bbox 743 1527 834 1578; x_wconf 86' lang='lat' dir='ltr'>novo</span> <span class='ocrx_word' id='word_1_53' title='bbox 857 1512 951 1578; x_wconf 82' lang='lat' dir='ltr'>terra</span> <span class='ocrx_word' id='word_1_54' title='bbox 973 1527 1093 1578; x_wconf 86' lang='lat' dir='ltr'>cruore</span> <span class='ocrx_word' id='word_1_55' title='bbox 1116 1510 1251 1580; x_wconf 89' lang='lat' dir='ltr'>madet:</span> 
     </span>
     <span class='ocr_line' id='line_1_10' title="bbox 400 1609 1255 1719; baseline -0.001 -15"><span class='ocrx_word' id='word_1_56' title='bbox 400 1635 502 1704; x_wconf 80' lang='lat' dir='ltr'>Exilit</span> <span class='ocrx_word' id='word_1_57' title='bbox 523 1633 617 1702; x_wconf 85' lang='lat' dir='ltr'>alma</span> <span class='ocrx_word' id='word_1_58' title='bbox 638 1635 788 1717; x_wconf 84' lang='lat' dir='ltr'>Parsns,</span> <span class='ocrx_word' id='word_1_59' title='bbox 812 1609 945 1719; x_wconf 75' lang='lat' dir='ltr'>quaerit</span> <span class='ocrx_word' id='word_1_60' title='bbox 967 1631 1113 1718; x_wconf 78' lang='lat' dir='ltr'>vestigia</span> <span class='ocrx_word' id='word_1_61' title='bbox 1135 1635 1255 1718; x_wconf 76' lang='lat' dir='ltr'>(inuti,</span> 
     </span>
     <span class='ocr_line' id='line_1_11' title="bbox 314 1757 1334 1845; baseline -0.001 -15"><span class='ocrx_word' id='word_1_62' title='bbox 314 1761 358 1830; x_wconf 86' lang='lat'>60</span> <span class='ocrx_word' id='word_1_63' title='bbox 492 1759 660 1826; x_wconf 82' lang='lat' dir='ltr'><strong>Monstrat</strong></span> <span class='ocrx_word' id='word_1_64' title='bbox 681 1757 872 1844; x_wconf 78' lang='lat' dir='ltr'>sanguineo</span> <span class='ocrx_word' id='word_1_65' title='bbox 893 1773 961 1844; x_wconf 86' lang='lat' dir='ltr'>qua</span> <span class='ocrx_word' id='word_1_66' title='bbox 981 1757 1039 1825; x_wconf 84' lang='lat' dir='ltr'>via</span> <span class='ocrx_word' id='word_1_67' title='bbox 1061 1757 1144 1826; x_wconf 82' lang='lat' dir='ltr'>trita</span> <span class='ocrx_word' id='word_1_68' title='bbox 1164 1759 1251 1845; x_wconf 86' lang='lat' dir='ltr'>pede</span> <span class='ocrx_word' id='word_1_69' title='bbox 1272 1763 1334 1829; x_wconf 87' lang='lat' dir='ltr'>est</span> 
     </span>
     <span class='ocr_line' id='line_1_12' title="bbox 401 1881 1352 1971; baseline 0 -17"><span class='ocrx_word' id='word_1_70' title='bbox 401 1888 541 1971; x_wconf 85' lang='lat' dir='ltr'>lamque</span> <span class='ocrx_word' id='word_1_71' title='bbox 563 1881 833 1970; x_wconf 83' lang='lat' dir='ltr'><strong>propinquabat,</strong></span> <span class='ocrx_word' id='word_1_72' title='bbox 855 1883 924 1950; x_wconf 88' lang='lat' dir='ltr'>iam</span> <span class='ocrx_word' id='word_1_73' title='bbox 946 1881 1035 1951; x_wconf 92' lang='lat' dir='ltr'>dulci</span> <span class='ocrx_word' id='word_1_74' title='bbox 1056 1885 1110 1952; x_wconf 86' lang='lat' dir='ltr'>cst</span> <span class='ocrx_word' id='word_1_75' title='bbox 1130 1884 1232 1953; x_wconf 84' lang='lat' dir='ltr'>obvia</span> <span class='ocrx_word' id='word_1_76' title='bbox 1251 1887 1352 1955; x_wconf 89' lang='lat' dir='ltr'>Iesu:</span> 
     </span>
     <span class='ocr_line' id='line_1_13' title="bbox 487 2007 1308 2095; baseline 0 -17"><span class='ocrx_word' id='word_1_77' title='bbox 487 2012 561 2079; x_wconf 87' lang='lat' dir='ltr'>Heu</span> <span class='ocrx_word' id='word_1_78' title='bbox 582 2009 693 2078; x_wconf 85' lang='lat' dir='ltr'>visus!</span> <span class='ocrx_word' id='word_1_79' title='bbox 718 2007 874 2095; x_wconf 85' lang='lat' dir='ltr'>quisnam</span> <span class='ocrx_word' id='word_1_80' title='bbox 900 2011 1071 2095; x_wconf 85' lang='lat' dir='ltr'>temperet</span> <span class='ocrx_word' id='word_1_81' title='bbox 1092 2027 1114 2078; x_wconf 92' lang='lat' dir='ltr'>a</span> <span class='ocrx_word' id='word_1_82' title='bbox 1137 2011 1308 2079; x_wconf 75' lang='lat' dir='ltr'>lacuimist</span> 
     </span>
     <span class='ocr_line' id='line_1_14' title="bbox 403 2131 1236 2220; baseline -0.002 -16"><span class='ocrx_word' id='word_1_83' title='bbox 403 2135 496 2204; x_wconf 84' lang='lat' dir='ltr'>Talia</span> <span class='ocrx_word' id='word_1_84' title='bbox 516 2134 592 2220; x_wconf 89' lang='lat' dir='ltr'>quis</span> <span class='ocrx_word' id='word_1_85' title='bbox 615 2131 717 2202; x_wconf 84' lang='lat' dir='ltr'>lando</span> <span class='ocrx_word' id='word_1_86' title='bbox 739 2133 892 2201; x_wconf 76' lang='lat' dir='ltr'>reserati</span> <span class='ocrx_word' id='word_1_87' title='bbox 914 2151 975 2201; x_wconf 87' lang='lat' dir='ltr'>vos</span> <span class='ocrx_word' id='word_1_88' title='bbox 995 2133 1118 2218; x_wconf 87' lang='lat' dir='ltr'>dicite,</span> <span class='ocrx_word' id='word_1_89' title='bbox 1141 2134 1236 2202; x_wconf 86' lang='lat' dir='ltr'>Divi:</span> 
     </span>
     <span class='ocr_line' id='line_1_15' title="bbox 490 2257 1330 2344; baseline 0.002 -20"><span class='ocrx_word' id='word_1_90' title='bbox 490 2257 596 2325; x_wconf 84' lang='lat' dir='ltr'>Dicite</span> <span class='ocrx_word' id='word_1_91' title='bbox 618 2273 706 2343; x_wconf 87' lang='lat' dir='ltr'>quae</span> <span class='ocrx_word' id='word_1_92' title='bbox 729 2273 847 2340; x_wconf 88' lang='lat' dir='ltr'>mens,</span> <span class='ocrx_word' id='word_1_93' title='bbox 870 2257 928 2343; x_wconf 88' lang='lat' dir='ltr'>qui</span> <span class='ocrx_word' id='word_1_94' title='bbox 950 2273 1069 2325; x_wconf 89' lang='lat' dir='ltr'>sensus</span> <span class='ocrx_word' id='word_1_95' title='bbox 1090 2257 1225 2344; x_wconf 85' lang='lat' dir='ltr'>utrique</span> <span class='ocrx_word' id='word_1_96' title='bbox 1247 2258 1330 2328; x_wconf 90' lang='lat' dir='ltr'>suit!</span> 
     </span>
     <span class='ocr_line' id='line_1_16' title="bbox 314 2381 1359 2468; baseline 0.001 -16"><span class='ocrx_word' id='word_1_97' title='bbox 314 2387 359 2452; x_wconf 78' lang='lat'>65</span> <span class='ocrx_word' id='word_1_98' title='bbox 402 2381 594 2452; x_wconf 85' lang='lat' dir='ltr'>Pallentem</span> <span class='ocrx_word' id='word_1_99' title='bbox 616 2382 839 2467; x_wconf 88' lang='lat' dir='ltr'>attritumque</span> <span class='ocrx_word' id='word_1_100' title='bbox 861 2381 1026 2468; x_wconf 84' lang='lat' dir='ltr'>gravique</span> <span class='ocrx_word' id='word_1_101' title='bbox 1049 2382 1110 2449; x_wconf 90' lang='lat' dir='ltr'>sub</span> <span class='ocrx_word' id='word_1_102' title='bbox 1131 2383 1252 2452; x_wconf 86' lang='lat' dir='ltr'>arbore</span> <span class='ocrx_word' id='word_1_103' title='bbox 1273 2385 1359 2453; x_wconf 85' lang='lat' dir='ltr'>vidit</span> 
     </span>
     <span class='ocr_line' id='line_1_17' title="bbox 491 2479 1255 2593; baseline 0.003 -19"><span class='ocrx_word' id='word_1_104' title='bbox 491 2505 692 2590; x_wconf 81' lang='lat' dir='ltr'>Parthenia,</span> <span class='ocrx_word' id='word_1_105' title='bbox 718 2525 760 2574; x_wconf 90' lang='lat' dir='ltr'>ac</span> <span class='ocrx_word' id='word_1_106' title='bbox 783 2505 889 2573; x_wconf 84' lang='lat' dir='ltr'>tantis</span> <span class='ocrx_word' id='word_1_107' title='bbox 910 2479 1053 2574; x_wconf 85' lang='lat' dir='ltr'>luctibus</span> <span class='ocrx_word' id='word_1_108' title='bbox 1073 2505 1255 2593; x_wconf 81' lang='lat' dir='ltr'>obstupuit</span> 
     </span>
     <span class='ocr_line' id='line_1_18' title="bbox 404 2629 1263 2717; baseline 0.002 -18"><span class='ocrx_word' id='word_1_109' title='bbox 404 2634 468 2701; x_wconf 81' lang='lat' dir='ltr'>Ter</span> <span class='ocrx_word' id='word_1_110' title='bbox 491 2633 615 2699; x_wconf 86' lang='lat' dir='ltr'>conata</span> <span class='ocrx_word' id='word_1_111' title='bbox 637 2629 739 2716; x_wconf 88' lang='lat' dir='ltr'>loqui,</span> <span class='ocrx_word' id='word_1_112' title='bbox 761 2629 885 2697; x_wconf 84' lang='lat' dir='ltr'>desunt</span> <span class='ocrx_word' id='word_1_113' title='bbox 907 2632 961 2698; x_wconf 84' lang='lat' dir='ltr'>ter</span> <span class='ocrx_word' id='word_1_114' title='bbox 983 2631 1123 2717; x_wconf 80' lang='lat' dir='ltr'>gutture</span> <span class='ocrx_word' id='word_1_115' title='bbox 1145 2649 1263 2716; x_wconf 90' lang='lat' dir='ltr'>voces,</span> 
     </span>
     <span class='ocr_line' id='line_1_19' title="bbox 490 2753 1228 2844; baseline 0.003 -21"><span class='ocrx_word' id='word_1_116' title='bbox 490 2758 532 2825; x_wconf 84' lang='lat' dir='ltr'>Et</span> <span class='ocrx_word' id='word_1_117' title='bbox 554 2757 732 2842; x_wconf 89' lang='lat' dir='ltr'>nequeunt</span> <span class='ocrx_word' id='word_1_118' title='bbox 753 2753 910 2822; x_wconf 87' lang='lat' dir='ltr'>lacrimas</span> <span class='ocrx_word' id='word_1_119' title='bbox 932 2755 1085 2824; x_wconf 80' lang='lat' dir='ltr'>elicuisse</span> <span class='ocrx_word' id='word_1_120' title='bbox 1106 2775 1228 2844; x_wconf 84' lang='lat' dir='ltr'>genae.</span> 
     </span>
     <span class='ocr_line' id='line_1_20' title="bbox 404 2879 1301 2970; baseline 0.002 -20"><span class='ocrx_word' id='word_1_121' title='bbox 404 2882 531 2970; x_wconf 77' lang='lat' dir='ltr'>Aspicit</span> <span class='ocrx_word' id='word_1_122' title='bbox 553 2882 589 2949; x_wconf 92' lang='lat' dir='ltr'>et</span> <span class='ocrx_word' id='word_1_123' title='bbox 612 2883 756 2950; x_wconf 84' lang='lat' dir='ltr'>Matrem</span> <span class='ocrx_word' id='word_1_124' title='bbox 779 2879 958 2966; x_wconf 81' lang='lat' dir='ltr'>languenti</span> <span class='ocrx_word' id='word_1_125' title='bbox 979 2880 1109 2949; x_wconf 84' lang='lat' dir='ltr'>lumine</span> <span class='ocrx_word' id='word_1_126' title='bbox 1131 2881 1301 2969; x_wconf 80' lang='lat' dir='ltr'>christus,</span> 
     </span>
     <span class='ocr_line' id='line_1_21' title="bbox 316 2977 1307 3078; baseline -0.002 0"><span class='ocrx_word' id='word_1_127' title='bbox 316 3014 359 3078; x_wconf 81' lang='lat'>70</span> <span class='ocrx_word' id='word_1_128' title='bbox 492 2977 578 3076; x_wconf 80' lang='lat' dir='ltr'>Nam</span> <span class='ocrx_word' id='word_1_129' title='bbox 600 3007 706 3075; x_wconf 82' lang='lat' dir='ltr'>vellet</span> <span class='ocrx_word' id='word_1_130' title='bbox 729 3006 872 3074; x_wconf 83' lang='lat' dir='ltr'>miserae</span> <span class='ocrx_word' id='word_1_131' title='bbox 895 3007 985 3076; x_wconf 84' lang='lat' dir='ltr'>serre</span> <span class='ocrx_word' id='word_1_132' title='bbox 1007 3007 1167 3077; x_wconf 88' lang='lat' dir='ltr'>levamen</span> <span class='ocrx_word' id='word_1_133' title='bbox 1189 3027 1307 3078; x_wconf 87' lang='lat' dir='ltr'>amor:</span> 
     </span>
     <span class='ocr_line' id='line_1_22' title="bbox 405 3129 1220 3216; baseline 0 -16"><span class='ocrx_word' id='word_1_134' title='bbox 405 3135 451 3200; x_wconf 85' lang='lat' dir='ltr'>At</span> <span class='ocrx_word' id='word_1_135' title='bbox 471 3131 581 3200; x_wconf 87' lang='lat' dir='ltr'>subito</span> <span class='ocrx_word' id='word_1_136' title='bbox 603 3130 732 3199; x_wconf 82' lang='lat' dir='ltr'>fractus</span> <span class='ocrx_word' id='word_1_137' title='bbox 754 3131 844 3198; x_wconf 85' lang='lat' dir='ltr'>vires</span> <span class='ocrx_word' id='word_1_138' title='bbox 864 3132 902 3198; x_wconf 88' lang='lat' dir='ltr'>et</span> <span class='ocrx_word' id='word_1_139' title='bbox 922 3129 1103 3216; x_wconf 81' lang='lat' dir='ltr'>languidus</span> <span class='ocrx_word' id='word_1_140' title='bbox 1123 3133 1220 3200; x_wconf 85' lang='lat' dir='ltr'>artus</span> 
     </span>
     <span class='ocr_line' id='line_1_23' title="bbox 492 3257 1231 3344; baseline -0.001 -18"><span class='ocrx_word' id='word_1_141' title='bbox 492 3257 643 3342; x_wconf 86' lang='lat' dir='ltr'>Decidit,</span> <span class='ocrx_word' id='word_1_142' title='bbox 666 3257 808 3325; x_wconf 86' lang='lat' dir='ltr'>immani</span> <span class='ocrx_word' id='word_1_143' title='bbox 831 3258 951 3325; x_wconf 88' lang='lat' dir='ltr'>robore</span> <span class='ocrx_word' id='word_1_144' title='bbox 973 3275 1107 3344; x_wconf 65' lang='lat' dir='ltr'>promus</span> <span class='ocrx_word' id='word_1_145' title='bbox 1128 3258 1231 3326; x_wconf 92' lang='lat' dir='ltr'>humi.</span> 
     </span>
     <span class='ocr_line' id='line_1_24' title="bbox 403 3382 1295 3470; baseline -0.001 -16"><span class='ocrx_word' id='word_1_146' title='bbox 403 3387 561 3454; x_wconf 79' lang='lat' dir='ltr'>Tortores</span> <span class='ocrx_word' id='word_1_147' title='bbox 583 3383 708 3470; x_wconf 79' lang='lat' dir='ltr'>pugnis</span> <span class='ocrx_word' id='word_1_148' title='bbox 729 3383 899 3452; x_wconf 88' lang='lat' dir='ltr'>deiectum</span> <span class='ocrx_word' id='word_1_149' title='bbox 922 3385 958 3452; x_wconf 88' lang='lat' dir='ltr'>et</span> <span class='ocrx_word' id='word_1_150' title='bbox 979 3382 1127 3452; x_wconf 73' lang='lat' dir='ltr'>calcibus</span> <span class='ocrx_word' id='word_1_151' title='bbox 1149 3387 1295 3470; x_wconf 85' lang='lat' dir='ltr'>urgent:</span> 
     </span>
     <span class='ocr_line' id='line_1_25' title="bbox 491 3509 1427 3602; baseline 0.003 -24"><span class='ocrx_word' id='word_1_152' title='bbox 491 3509 723 3578; x_wconf 83' lang='lat' dir='ltr'>Horrendnm!</span> <span class='ocrx_word' id='word_1_153' title='bbox 746 3509 793 3578; x_wconf 88' lang='lat' dir='ltr'>ah</span> <span class='ocrx_word' id='word_1_154' title='bbox 814 3509 931 3598; x_wconf 71' lang='lat' dir='ltr'>uideas</span> <span class='ocrx_word' id='word_1_155' title='bbox 953 3510 1022 3578; x_wconf 89' lang='lat' dir='ltr'>iam</span> <span class='ocrx_word' id='word_1_156' title='bbox 1033 3517 1055 3595; x_wconf 76' lang='lat'>,⁶</span> <span class='ocrx_word' id='word_1_157' title='bbox 1066 3512 1170 3579; x_wconf 86' lang='lat' dir='ltr'>Pater</span> <span class='ocrx_word' id='word_1_158' title='bbox 1192 3511 1427 3602; x_wconf 85' lang='lat' dir='ltr'>omnipotens,</span> 
     </span>
     <span class='ocr_line' id='line_1_26' title="bbox 317 3632 1353 3722; baseline 0.001 -19"><span class='ocrx_word' id='word_1_159' title='bbox 317 3639 361 3706; x_wconf 85' lang='lat'>75</span> <span class='ocrx_word' id='word_1_160' title='bbox 405 3636 458 3703; x_wconf 81' lang='lat' dir='ltr'>An</span> <span class='ocrx_word' id='word_1_161' title='bbox 480 3637 606 3706; x_wconf 87' lang='lat' dir='ltr'>Natum</span> <span class='ocrx_word' id='word_1_162' title='bbox 628 3634 746 3703; x_wconf 83' lang='lat' dir='ltr'>videas</span> <span class='ocrx_word' id='word_1_163' title='bbox 766 3633 930 3705; x_wconf 90' lang='lat' dir='ltr'>humilem</span> <span class='ocrx_word' id='word_1_164' title='bbox 952 3632 1014 3702; x_wconf 90' lang='lat' dir='ltr'>sub</span> <span class='ocrx_word' id='word_1_165' title='bbox 1035 3635 1186 3722; x_wconf 86' lang='lat' dir='ltr'>pondere</span> <span class='ocrx_word' id='word_1_166' title='bbox 1208 3637 1353 3706; x_wconf 86' lang='lat' dir='ltr'>mortem</span> 
     </span>
     <span class='ocr_line' id='line_1_27' title="bbox 491 3756 1227 3844; baseline 0 -19"><span class='ocrx_word' id='word_1_167' title='bbox 491 3759 682 3844; x_wconf 82' lang='lat' dir='ltr'>Oppetene:</span> <span class='ocrx_word' id='word_1_168' title='bbox 705 3756 750 3824; x_wconf 89' lang='lat' dir='ltr'>ah</span> <span class='ocrx_word' id='word_1_169' title='bbox 772 3757 883 3826; x_wconf 84' lang='lat' dir='ltr'>saevis</span> <span class='ocrx_word' id='word_1_170' title='bbox 905 3757 1029 3843; x_wconf 80' lang='lat' dir='ltr'>eripias</span> <span class='ocrx_word' id='word_1_171' title='bbox 1052 3758 1227 3827; x_wconf 86' lang='lat' dir='ltr'>manibus!</span> 
     </span>
     <span class='ocr_line' id='line_1_28' title="bbox 405 3880 1492 3970; baseline 0.002 -20"><span class='ocrx_word' id='word_1_172' title='bbox 405 3883 554 3970; x_wconf 75' lang='lat' dir='ltr'>Agmina</span> <span class='ocrx_word' id='word_1_173' title='bbox 576 3880 780 3950; x_wconf 81' lang='lat' dir='ltr'>Caelicolum</span> <span class='ocrx_word' id='word_1_174' title='bbox 802 3881 924 3968; x_wconf 85' lang='lat' dir='ltr'>gladiis</span> <span class='ocrx_word' id='word_1_175' title='bbox 945 3881 1197 3951; x_wconf 86' lang='lat' dir='ltr'>flammantibus</span> <span class='ocrx_word' id='word_1_176' title='bbox 1217 3882 1348 3969; x_wconf 78' lang='lat' dir='ltr'>adsint,</span> <span class='ocrx_word' id='word_1_177' title='bbox 1488 3897 1492 3904; x_wconf 87' lang='lat'>·</span> 
     </span>
     <span class='ocr_line' id='line_1_29' title="bbox 495 4007 1169 4078; baseline 0 -4"><span class='ocrx_word' id='word_1_178' title='bbox 495 4007 662 4078; x_wconf 84' lang='lat' dir='ltr'>Perdatur</span> <span class='ocrx_word' id='word_1_179' title='bbox 685 4007 763 4076; x_wconf 81' lang='lat' dir='ltr'>lorti</span> <span class='ocrx_word' id='word_1_180' title='bbox 786 4009 900 4076; x_wconf 85' lang='lat' dir='ltr'>turma</span> <span class='ocrx_word' id='word_1_181' title='bbox 921 4007 1071 4078; x_wconf 75' lang='lat' dir='ltr'>nefanda</span> <span class='ocrx_word' id='word_1_182' title='bbox 1092 4007 1169 4076; x_wconf 83' lang='lat' dir='ltr'><strong>Deo.</strong></span> 
     </span>
     <span class='ocr_line' id='line_1_30' title="bbox 406 4132 1382 4220; baseline 0.001 -17"><span class='ocrx_word' id='word_1_183' title='bbox 406 4135 457 4203; x_wconf 85' lang='lat' dir='ltr'>Sit</span> <span class='ocrx_word' id='word_1_184' title='bbox 477 4133 576 4217; x_wconf 87' lang='lat' dir='ltr'>satis,</span> <span class='ocrx_word' id='word_1_185' title='bbox 598 4136 703 4220; x_wconf 84' lang='lat' dir='ltr'>atque</span> <span class='ocrx_word' id='word_1_186' title='bbox 724 4151 850 4218; x_wconf 80' lang='lat' dir='ltr'>aegrae</span> <span class='ocrx_word' id='word_1_187' title='bbox 872 4133 993 4201; x_wconf 87' lang='lat' dir='ltr'>subeat</span> <span class='ocrx_word' id='word_1_188' title='bbox 1014 4132 1076 4201; x_wconf 94' lang='lat' dir='ltr'>tibi</span> <span class='ocrx_word' id='word_1_189' title='bbox 1099 4151 1183 4203; x_wconf 87' lang='lat' dir='ltr'>cura</span> <span class='ocrx_word' id='word_1_190' title='bbox 1203 4135 1382 4204; x_wconf 84' lang='lat' dir='ltr'>Parentis:</span> 
     </span>
     <span class='ocr_line' id='line_1_31' title="bbox 316 4258 1172 4346; baseline -0.004 -16"><span class='ocrx_word' id='word_1_191' title='bbox 316 4264 360 4330; x_wconf 91' lang='lat'>80</span> <span class='ocrx_word' id='word_1_192' title='bbox 492 4259 625 4330; x_wconf 83' lang='lat' dir='ltr'>Oredin&#39;</span> <span class='ocrx_word' id='word_1_193' title='bbox 649 4277 728 4328; x_wconf 87' lang='lat' dir='ltr'>eam</span> <span class='ocrx_word' id='word_1_194' title='bbox 749 4259 822 4328; x_wconf 86' lang='lat' dir='ltr'>diro</span> <span class='ocrx_word' id='word_1_195' title='bbox 844 4259 961 4328; x_wconf 84' lang='lat' dir='ltr'>vivere</span> <span class='ocrx_word' id='word_1_196' title='bbox 982 4258 1172 4346; x_wconf 84' lang='lat' dir='ltr'>supplicioi</span> 
     </span>
     <span class='ocr_line' id='line_1_32' title="bbox 406 4384 1289 4471; baseline 0 -16"><span class='ocrx_word' id='word_1_197' title='bbox 406 4387 459 4456; x_wconf 89' lang='lat' dir='ltr'>Sic</span> <span class='ocrx_word' id='word_1_198' title='bbox 481 4403 597 4455; x_wconf 86' lang='lat' dir='ltr'>servas</span> <span class='ocrx_word' id='word_1_199' title='bbox 619 4387 713 4470; x_wconf 84' lang='lat' dir='ltr'>isac,</span> <span class='ocrx_word' id='word_1_200' title='bbox 737 4403 838 4471; x_wconf 87' lang='lat' dir='ltr'>quem</span> <span class='ocrx_word' id='word_1_201' title='bbox 862 4384 930 4452; x_wconf 87' lang='lat' dir='ltr'>iam</span> <span class='ocrx_word' id='word_1_202' title='bbox 953 4385 1125 4453; x_wconf 85' lang='lat' dir='ltr'>mactabat</span> <span class='ocrx_word' id='word_1_203' title='bbox 1145 4385 1189 4454; x_wconf 84' lang='lat' dir='ltr'>ed</span> <span class='ocrx_word' id='word_1_204' title='bbox 1211 4403 1289 4455; x_wconf 83' lang='lat' dir='ltr'>aras</span> 
     </span>
     <span class='ocr_line' id='line_1_33' title="bbox 493 4510 1271 4592; baseline 0 -14"><span class='ocrx_word' id='word_1_205' title='bbox 493 4512 687 4592; x_wconf 79' lang='lat' dir='ltr'>Abraham3</span> <span class='ocrx_word' id='word_1_206' title='bbox 710 4511 758 4580; x_wconf 88' lang='lat' dir='ltr'>sic</span> <span class='ocrx_word' id='word_1_207' title='bbox 780 4511 870 4579; x_wconf 83' lang='lat' dir='ltr'>aries</span> <span class='ocrx_word' id='word_1_208' title='bbox 892 4510 1030 4579; x_wconf 88' lang='lat' dir='ltr'>victima</span> <span class='ocrx_word' id='word_1_209' title='bbox 1050 4528 1150 4580; x_wconf 88' lang='lat' dir='ltr'>sacra</span> <span class='ocrx_word' id='word_1_210' title='bbox 1172 4511 1271 4580; x_wconf 88' lang='lat' dir='ltr'>cadit.</span> 
     </span>
    </p>
   </div>
   <div class='ocr_carea' id='block_1_3' title="bbox 0 0 1788 5368">
    <p class='ocr_par' dir='ltr' id='par_1_3' title="bbox 0 0 1788 5368">
     <span class='ocr_line' id='line_1_34' title="bbox 0 0 1788 5368; baseline 0 0"><span class='ocrx_word' id='word_1_211' title='bbox 0 0 1788 5368; x_wconf 95' lang='lat' dir='ltr'> </span> 
     </span>
    </p>
   </div>
  </div>
 </body>
</html>
