3576 5376
707 685 937 768 sescla
970 683 1088 766 Xili

666 909 908 976 DEPONITVR
941 909 966 974 Ε
995 907 1127 974 CRVOE

821 1141 988 1152 -u--—

401 1611 451 1680 Sit
472 1611 591 1680 sceleri
613 1610 714 1680 satis:
736 1610 924 1696 opprobriis
944 1610 1014 1678 iam
1037 1610 1167 1698 parcite
1174 1627 1185 1690 ;
1209 1609 1318 1696 plagis
1340 1695 1348 1704 .

489 1730 640 1800 Parcite:
664 1747 729 1799 neo
749 1749 846 1800 sacro
869 1749 1010 1818 corpore
1032 1731 1172 1818 sanguis
1194 1729 1267 1797 init

403 1855 522 1924 Invida
543 1853 624 1941 quid
646 1853 781 1938 feritas,
804 1853 885 1942 quid
907 1873 978 1923 non
1001 1855 1094 1924 luror
1115 1854 1238 1940 impios
1259 1855 1381 1922 aususl

490 1978 579 2047 Proh
601 1977 712 2047 dolor!
736 1978 774 2046 in
796 1981 908 2048 Iesum
931 1980 1054 2050 saeviit
1075 1981 1279 2048 exanimem.

337 2109 359 2172 5
403 2107 555 2191 Namque
578 2103 668 2173 latus
688 2121 765 2174 sero
788 2105 962 2190 Longinus
983 2105 1146 2192 transigit
1167 2107 1255 2186 ictu;

491 2228 578 2296 Hinc
602 2229 727 2298 bicolor
748 2229 819 2297 lato
842 2229 984 2298 vulnere
1005 2231 1147 2318 lympha
1168 2230 1252 2297 linit

403 2353 541 2422 Exuviis
563 2370 646 2440 orgo
669 2353 754 2421 divis
776 2352 964 2438 reddantur
985 2355 1150 2440 honoros,

492 2481 622 2549 llantur
644 2479 774 2547 odorati
797 2478 902 2548 florea
923 2484 1016 2549 serta
1039 2481 1138 2550 croci.

404 2601 484 2679 Quis
504 2603 612 2686 neget
632 2601 793 2670 inseriasl
814 2603 957 2687 quaevis
977 2605 1055 2690 post
1078 2603 1150 2672 iata
1172 2605 1317 2690 quieuit

322 2729 361 2793 10
493 2729 563 2808 lra3
587 2724 682 2794 ferox
703 2727 827 2796 animis
848 2729 1013 2814 numquid
1035 2728 1172 2818 hyaena
1193 2729 1302 2797 latott

405 2854 458 2922 Sic
480 2869 545 2937 ego
567 2850 739 2923 dicebam:
762 2854 862 2940 nigro
884 2856 1090 2942 properabat
1111 2856 1248 2942 olympo

468 2984 474 2998 '
492 2983 638 3069 Vesper,
661 2985 698 3050 et
719 2998 849 3049 oceano
871 2981 921 3049 sol
943 2984 1048 3067 caput
1068 2982 1257 3052 abdiderat.

404 3111 489 3178 Ecce
511 3111 628 3178 autem
649 3108 779 3194 gemini
802 3109 954 3177 seniores
973 3107 1140 3176 scandere
1164 3107 1226 3176 visi

493 3234 666 3318 culmina,
688 3251 865 3304 servorum
888 3234 1034 3320 plurima
1057 3235 1158 3302 turba
1178 3234 1278 3324 subit.

320 3361 360 3427 15
403 3357 512 3427 Pallia
534 3359 635 3445 nigra
656 3361 780 3444 tegunt
802 3358 979 3444 humeros,
1002 3358 1166 3444 tacitique
1188 3357 1419 3444 propinquant

492 3486 629 3553 incessu
651 3484 771 3566 celeri,
796 3503 930 3554 moeror
953 3484 989 3550 in
1013 3502 1072 3553 ore
1093 3483 1199 3553 sedet

407 3610 468 3678 Hie
490 3609 585 3680 dives
606 3609 726 3697 Ioseph
749 3610 945 3678 Arimathes
966 3610 1059 3678 urbis
1079 3609 1254 3694 alumnus,

495 3735 697 3822 Iampridem
719 3733 851 3803 christo
873 3753 910 3804 se
933 3734 1111 3804 addiderat
1133 3735 1307 3818 comitem;

396 3855 628 3948 ,Magnanimo
648 3860 778 3947 pietate
799 3862 916 3944 aetus,
938 3860 1021 3928 dum
1043 3864 1160 3930 cetera
1182 3863 1281 3932 turba

318 3991 362 4055 20
494 3986 634 4072 Diffugit
647 3989 691 4056 et
713 3986 824 4056 caeeis
845 3985 984 4075 rupibus
1005 3986 1188 4071 occulitur,

406 4109 620 4181 Romulidum
641 4114 836 4199 praetorem
858 4111 946 4194 adit,
971 4114 1009 4179 ut
1031 4115 1230 4182 veneranda
1252 4115 1423 4199 Magistri,

490 4238 544 4306 Sic
567 4237 624 4323 pia
646 4255 743 4306 mens
764 4236 902 4318 suadet,
927 4254 1069 4322 corpora
1091 4239 1212 4308 reddat
1234 4239 1351 4309 humo:

403 4361 680 4448 Quandoquidem
703 4364 755 4429 est
776 4360 974 4447 illi—montis
995 4360 1164 4432 radicibus
1185 4353 1319 4432 hortus:

492 4491 554 4559 Hic
575 4490 690 4558 excisa
712 4506 840 4594 recens
854 4490 953 4556 caute
975 4489 1131 4576 sepulcra
1153 4491 1285 4578 patent
