3560 5368
736 547 873 599 sunum
901 549 927 597 11

337 675 485 744 Ambitio
506 676 543 743 in
567 674 674 744 nubes
696 694 780 744 ausa
802 678 871 758 est,
895 674 1129 762 iulgeutiaque
1159 690 1243 740 auro

424 802 590 886 Delubra,
613 806 650 873 et
673 803 837 890 pingues,
861 820 945 889 quas
966 800 1056 887 parit
1077 799 1208 880 amnis,
1231 814 1321 881 opes.

248 925 293 990 55
336 925 477 994 Divitias
499 926 690 1014 fastumque
712 927 804 1009 odit;
826 925 886 995 sed
908 924 1005 993 dulce
1029 941 1181 994 recessus
1306 943 1308 951 ’

424 1051 537 1138 Atque
557 1050 703 1120 humiles
723 1051 773 1118 illi
795 1052 847 1119 est
869 1049 1046 1118 incoluisse
1069 1065 1175 1117 casas.

338 1176 466 1243 Verum
488 1193 534 1244 ne
556 1175 673 1262 pigeat
695 1177 810 1244 tantos
832 1174 984 1262 perferre
1007 1173 1139 1242 labores

427 1301 475 1367 Ac
496 1301 619 1368 durum
640 1300 768 1387 ignotis
789 1299 912 1368 fluibus
934 1297 1096 1380 exilium,

339 1425 367 1491 0
389 1427 504 1508 Bona,
539 1427 611 1493 tam
633 1425 703 1494 cari
726 1425 847 1512 capitis
868 1424 922 1493 cui
945 1422 1075 1492 credita
1097 1438 1179 1489 cura
1201 1424 1274 1503 est,

251 1548 295 1614 60
426 1549 470 1617 ut
490 1549 611 1636 patriis
631 1549 752 1618 reddas
772 1548 908 1618 sedibus
929 1547 1144 1616 incolumem.

338 1671 487 1741 Sollicita
508 1672 573 1742 ah!
597 1689 712 1742 serves
734 1691 795 1760 per
817 1674 870 1740 tot
891 1671 1087 1740 discrimina
1109 1671 1273 1752 Gnatum,

381 1873 386 1882 ,
428 1798 479 1866 Ne
500 1798 576 1884 quis
599 1798 685 1867 sorte
708 1799 829 1885 pedem
851 1797 955 1865 dente
979 1798 1074 1883 petat
1095 1796 1243 1879 coluber,

341 1922 436 1990 Neve
458 1923 585 1990 umbris
606 1941 676 1991 nox
697 1922 826 1992 officiat
846 1921 1050 2006 subfrigide,
1072 1937 1142 1988 neu
1163 1919 1233 2001 soi,

428 2046 570 2115 Ardenti
593 2047 741 2115 medium
763 2047 844 2115 dum
866 2045 963 2114 vehit
986 2062 1051 2113 axe
1074 2043 1173 2114 diem.

253 2169 297 2235 65
343 2170 411 2236 Nec
434 2169 557 2238 timeas
578 2169 684 2238 valles
706 2188 826 2238 errans
848 2171 885 2237 et
905 2166 1077 2254 inhospita
1098 2184 1202 2249 saxa,

429 2295 501 2362 Nec
522 2312 668 2381 quaeras
689 2297 801 2362 tutum
823 2311 891 2379 qua
914 2293 1023 2380 magis
1045 2293 1135 2360 esset
1156 2292 1231 2359 iter.

342 2418 493 2504 Namque
516 2417 733 2487 Palaestinae
755 2421 791 2486 te
814 2418 986 2504 diffugisse
1008 2419 1177 2501 tyrannus

428 2543 559 2626 Nescit,
581 2545 619 2611 et
639 2543 795 2611 aetheria
825 2543 940 2612 servat
961 2541 1006 2608 ab
1026 2557 1106 2608 arce
1130 2540 1242 2607 Pater.

341 2668 387 2734 At
408 2669 524 2752 procul
545 2685 568 2736 a
589 2669 701 2754 patria
723 2669 844 2736 subeat
865 2686 910 2735 ne
933 2684 1015 2735 cura
1037 2667 1189 2745 tuorum,

254 2791 298 2857 70
428 2792 630 2862 Natalemve
653 2793 714 2860 tibi
737 2763 847 2862 risere
870 2790 959 2860 velle
982 2790 1128 2858 domum.

340 2917 401 2985 Hic
423 2918 491 2986 heu
513 2921 595 3005 quot
618 2919 748 3002 luctus,
771 2921 855 3005 quot
879 2917 1000 2986 funera
1023 2915 1098 2982 dira
1121 2913 1318 2980 ministrant

354 3119 358 3128 .
428 3041 534 3110 Arma
555 3043 640 3109 viri!
664 3042 812 3110 innocuo
834 3043 928 3110 tecta
950 3056 1070 3108 cruore
1093 3038 1243 3106 madent

342 3167 384 3235 Et
406 3185 487 3251 voe,
512 3168 716 3268 Bethlaeae,
739 3187 801 3238 vos
821 3167 934 3237 dulcia
956 3168 1122 3254 pignora,
1145 3163 1290 3245 matreS,

429 3293 514 3360 Dum
538 3293 638 3378 licet,
660 3292 706 3362 ah
728 3310 906 3362 nemorum
929 3291 1065 3361 condite
1086 3290 1149 3356 sub
1171 3286 1330 3355 latebris!

254 3418 299 3484 75
343 3417 466 3486 Securo
487 3419 620 3505 potius,
644 3419 770 3505 Virgo,
793 3419 925 3486 laetare
948 3433 1102 3496 recessu,

428 3543 535 3610 Grata
555 3543 738 3629 canopaeis
758 3542 871 3610 incola
893 3539 1054 3609 litoribus.

343 3668 440 3735 Nunc
462 3668 526 3755 Api
547 3685 634 3755 gens
655 3685 759 3736 caeca
780 3670 817 3736 et
838 3684 931 3735 nunc
953 3667 1114 3752 operatur
1135 3663 1220 3732 Osiri

430 3793 624 3878 Foedatque
646 3791 795 3860 insairdis
818 3791 899 3859 iana
920 3788 1122 3858 libidinibus.

344 3917 390 3986 re
412 3893 597 3999 veniente,
620 3916 666 3984 su
690 3915 840 4001 rugient,
863 3915 1061 3985 stultissima
1081 3914 1201 3982 turca:

258 4040 302 4104 80
433 4038 582 4125 Aspectu
603 4036 664 4116 flet
685 4038 800 4124 purior
820 4037 880 4104 illa
901 4039 970 4105 tuo.

345 4163 490 4248 Tempus
510 4163 598 4241 erit,
621 4161 731 4228 sancti
753 4160 874 4230 heroes
895 4178 998 4247 quum
1021 4157 1144 4226 tinibus
1165 4157 1255 4225 orbis

429 4286 590 4354 Desertae
612 4285 800 4353 advenient
821 4285 857 4351 in
879 4283 955 4352 loca
977 4281 1183 4362 Thebaicum

345 4411 487 4479 Delicias
509 4413 546 4478 et
568 4427 650 4497 opes
669 4409 706 4477 et
727 4410 903 4477 commoda
924 4426 1078 4494 quaeque
1102 4407 1231 4492 perosi,

431 4533 540 4600 ieiuni
562 4532 682 4616 longos
703 4531 905 4598 continuare
928 4531 1019 4612 dies3
