3576 5376
465 701 507 767 st
529 700 670 769 meliora
691 705 835 768 manent
857 700 1032 786 fragorum
1053 699 1230 786 germina,
1245 697 1396 782 Frater,

287 825 331 891 90
374 825 407 892 Si
431 829 583 893 montem
605 843 766 911 superare
791 826 900 908 lubet;
924 843 1073 913 namque
1097 825 1225 911 optima
1247 825 1360 912 prodit

375 950 470 1019 Ultro
493 969 619 1036 magna
641 969 766 1037 parens
787 970 919 1035 rernm,
943 969 1009 1018 nec
1033 951 1182 1019 vincitur
1203 952 1288 1018 arte.

375 1073 438 1142 Hic
458 1073 585 1142 densas
606 1076 700 1144 inter
721 1075 843 1160 silvas,¹
864 1076 920 1142 hic
945 1075 1102 1143 mollibus
1123 1075 1237 1143 herbis

371 1199 596 1267 succrescunt
618 1200 792 1282 immixta3
817 1201 914 1269 venit
938 1219 1042 1287 quum
1065 1199 1194 1269 tardior
1215 1201 1344 1280 aeetae,

370 1324 454 1393 Visn
477 1325 595 1410 pulcra
617 1325 736 1409 nimis,
759 1329 863 1410 gustu
884 1325 1080 1412 gratissima
1099 1327 1236 1393 certant

284 1447 328 1514 95
372 1450 415 1515 m
437 1448 520 1515 llatu
543 1450 579 1516 et
600 1449 713 1533 specie
736 1449 836 1518 110100
858 1449 1011 1529 0010110;
1034 1448 1168 1536 puellae

372 1572 552 1639 Festinant
572 1571 737 1658 puerique
760 1571 921 1656 gradum,
945 1572 1119 1658 raptisque
1142 1571 1300 1640 canistris

371 1694 552 1780 Collegisse
575 1696 672 1764 iuvat
695 1696 825 1764 fructus
847 1715 908 1782 per
931 1697 1031 1781 prata
1055 1697 1221 1765 recentes.

460 1821 571 1904 Frage
592 1819 673 1888 olim
695 1821 754 1887 sed
777 1837 882 1906 quum
904 1819 1036 1903 legeret
1058 1819 1229 1888 silvestria
1250 1803 1398 1903 Phyllis,

372 1944 466 2011 Haec
487 1943 579 2011 inter
601 1944 743 2013 latitans
764 1943 936 2030 extemplo
960 1945 1091 2030 prosilit
1112 1945 1235 2028 anguis

267 2067 329 2133 100
373 2067 551 2134 Horridus:
576 2065 642 2134 ben
664 2067 809 2136 miserae
832 2067 1011 2136 solvuntur
1033 2067 1158 2152 frigore
1182 2067 1349 2136 membra!

374 2190 444 2258 Ah!
469 2191 521 2260 ier
543 2209 643 2277 opem
665 2191 809 2277 clamat,
834 2192 924 2261 bona
945 2193 1070 2277 Virgo,
1094 2211 1302 2281 manumque
1325 2191 1466 2260 reducit.

373 2317 474 2385 Ocius
495 2317 553 2386 ills
577 2317 666 2403 fugit
686 2318 868 2404 sinuatque
890 2319 1064 2386 volumine
1087 2337 1224 2404 corpus,

373 2441 517 2511 Abditur
538 2445 575 2510 et
596 2443 708 2510 saxis:
731 2443 821 2511 vires
841 2443 1014 2530 animique
1034 2443 1168 2530 puellae

373 2569 458 2633 Tum
480 2567 642 2649 redeunt,
666 2567 894 2652 properatque
918 2567 994 2651 piae
1016 2585 1078 2635 sua
1100 2567 1191 2635 dona
1214 2567 1363 2635 Parenti.

267 2689 329 2756 105
373 2691 461 2758 Nam
482 2707 623 2758 nemore
646 2691 683 2758 in
705 2690 838 2775 medic,
862 2708 990 2777 quercu
1013 2694 1168 2777 protecta
1191 2691 1339 2766 virenti,

371 2815 598 2883 Parthenidos
618 2814 725 2884 cellae
747 2814 882 2902 depicta
904 2815 1039 2884 nitebat
1059 2816 1195 2902 imago:

373 2939 435 3006 Hic
458 2938 572 3026 populi
595 2941 720 3025 pietas,
744 2940 799 3007 hic
822 2940 953 3025 lampas
975 2939 1104 3007 lumine
1126 2958 1223 3008 sacro

374 3068 481 3135 Nocte
504 3065 607 3133 micat
629 3066 802 3152 saltusque
825 3066 1006 3136 horrentes
1028 3064 1165 3134 discutit
1187 3066 1334 3134 umbras

373 3191 542 3259 vimineis
563 3191 657 3275 cogit
678 3191 870 3277 fragrantia
891 3189 990 3277 fraga
1011 3192 1170 3259 canistris

266 3317 328 3386 110
373 3317 622 3404 Purpureisque
645 3316 729 3384 rosis
750 3319 787 3384 01
808 3317 913 3384 00010
936 3316 1057 3386 fronde
1083 3319 1234 3384 coronat

373 3444 457 3509 Tum
481 3441 632 3528 proiecta
652 3458 745 3525 genu
768 3445 851 3508 ante
873 3458 969 3509 aram
990 3441 1039 3510 sic
1061 3459 1122 3508 010
1143 3443 1319 3527 precetur:

373 3565 499 3635 Sancta
520 3566 665 3647 Parens,
690 3582 776 3651 quae
800 3583 856 3633 me
877 3565 985 3633 tantis
1006 3583 1125 3632 010010
1149 3565 1300 3651 periclis,

365 3695 466 3769 -Quae
488 3709 591 3760 suevo
613 3707 668 3758 me
691 3692 795 3759 dente
818 3691 922 3759 dabas
943 3709 1082 3760 servare
1104 3691 1250 3773 colubri,

372 3819 464 3885 Haec
485 3816 576 3902 grati
598 3815 723 3885 devota
746 3815 807 3883 tibi
831 3816 1032 3884 munuscula
1054 3816 1164 3883 cordis

266 3942 329 4008 115
373 3939 520 4028 hooipc;
544 3940 656 4008 lorsan
680 3957 763 4024 ego,
787 3940 904 4008 veniet
925 3958 1030 4026 quum
1052 3939 1214 4024 grandior
1235 3943 1348 4023 aetas,

373 4064 480 4149 Virgo
503 4063 609 4146 bona,
632 4067 669 4130 01
689 4063 819 4131 maiora
841 4062 902 4129 tibi
925 4066 962 4130 01
984 4062 1125 4130 meliora
1146 4061 1341 4149 rependam.

372 4187 481 4271 Dixit,
505 4189 541 4254 01
562 4189 734 4272 agrestem
756 4185 929 4254 calathum
951 4185 1091 4272 deponit
1113 4187 1157 4254 ad
1179 4203 1285 4254 aram.

461 4311 581 4397 Fragis
602 4328 667 4378 nec
688 4310 796 4379 solum
819 4310 1003 4396 spectabile
1027 4310 1151 4378 fetibus
1172 4315 1300 4377 ostrum

373 4433 499 4500 indidit
520 4433 742 4519 Omnipotens
762 4431 943 4517 dulcesque
964 4450 1165 4518 expromere
1187 4450 1318 4515 succos,

270 4561 330 4627 120
374 4559 532 4628 Solamen
554 4557 652 4626 labiis
674 4557 791 4624 rabido
812 4557 1006 4625 sitientibus
1031 4561 1144 4640 aestu3

376 4685 440 4751 Ast
460 4685 567 4751 etiam
589 4683 678 4751 loliis
700 4682 792 4751 dedit
813 4687 850 4752 01
872 4683 1040 4752 radicibus
1062 4684 1113 4750 uti
