3560 5368
324 533 389 604 292
696 557 741 606 nu
770 557 885 608 usuri
913 553 1154 608 rnsnouuuru

431 679 572 750 Vidistis
595 684 761 771 numquid
781 687 947 768 Puerum,
970 684 1025 752 cui
1048 697 1175 751 nomen
1197 682 1306 763 Iesus,

518 805 583 884 Qui
604 827 735 878 mecum
757 808 843 879 festo
864 827 974 896 nuper
996 807 1032 876 in
1053 810 1136 878 urbe
1160 805 1247 875 111111

434 930 564 1001 Unicus
585 937 638 1002 est
661 935 753 1018 mihi,
778 936 927 1005 bissenos
948 936 1008 1003 rix
1029 933 1147 1020 attigit
1168 948 1291 1013 annos,

517 1057 690 1142 Ingenuus
712 1057 800 1126 dulci
824 1058 933 1145 illiget
954 1059 990 1126 in
1013 1075 1072 1126 011
1094 1056 1211 1142 lep0r余

344 1177 389 1244 25
432 1181 625 1265 Purpureas
645 1180 750 1250 habet
770 1181 827 1251 1111
850 1201 971 1268 genas,
994 1181 1166 1267 flavosque
1188 1177 1336 1265 capillos,

518 1307 561 1374 lit
582 1306 680 1374 divers
701 1325 786 1393 puro
806 1307 936 1376 lumine
958 1306 1066 1394 spirat
1087 1321 1204 1387 amer3

429 1424 601 1514 Succingit
623 1429 762 1514 lumbos,
785 1430 961 1517 stringunt
984 1427 1142 1498 sandalia
1163 1425 1313 1514 plantas,

518 1549 669 1620 Candida
689 1551 870 1622 candidule
892 1569 1034 1638 corpora
1055 1552 1151 1619 veste
1175 1549 1271 1634 tegit

429 1673 595 1743 Vidistist
618 1679 827 1760 monstrate余
850 1677 932 1745 mihi
955 1693 1037 1745 nam
1059 1675 1169 1744 carior
1190 1672 1271 1760 ipsis

344 1797 388 1864 30
517 1801 576 1868 Est
596 1799 719 1870 oculis:
743 1801 817 1870 vita
837 1801 948 1870 carior
969 1800 1027 1869 ille
1050 1816 1128 1869 mea
1149 1799 1211 1866 est

435 1923 527 1991 ilaec
548 1924 660 1992 Mater
683 1925 816 1995 trustra.
840 1923 1003 1993 Tenebris
1024 1941 1094 1992 nox
1117 1921 1256 1990 humida
1278 1919 1373 1988 caelo

517 2048 671 2134 Ingruit,
694 2053 730 2118 et
752 2050 858 2120 lassos
878 2051 949 2118 iam
970 2049 1067 2119 tenet
1089 2031 1161 2117 alta
1183 2046 1289 2133 quies.

429 2171 557 2240 Verum
579 2174 637 2260 qui
661 2175 805 2244 miserae
828 2173 1034 2243 claudantur
1056 2172 1187 2242 lumina
1208 2188 1347 2252 somno,

517 2295 619 2363 Fessa
642 2295 742 2380 licet,
765 2297 846 2364 dum
868 2314 966 2364 mens
986 2296 1091 2364 anxia
1112 2291 1318 2380 pervigilat?

341 2417 386 2484 35
429 2419 610 2488 Parthenis
632 2420 822 2489 insomnem
844 2421 938 2489 ducit
961 2418 1185 2488 moestissima
1207 2417 1359 2498 noctem,

401 2601 404 2606 .
516 2545 590 2612 Heu
613 2546 649 2612 et
672 2547 828 2613 materno
851 2547 989 2632 pectore
1013 2544 1145 2630 quanta
1167 2540 1301 2610 movet!

431 2667 512 2743 Quis
533 2667 616 2734 mihi
640 2670 674 2737 te
695 2670 825 2755 rapuit,
842 2669 905 2737 Fili
927 2667 1141 2738 ducissimel
1164 2667 1238 2754 quis
1259 2669 1294 2733 11

520 2793 682 2862 Detineti
704 2793 732 2877 i,
757 2793 896 2881 Ioseph,
920 2795 949 2876 i,
973 2793 1161 2880 repetenda
1183 2790 1242 2857 via
1262 2791 1323 2858 est.

433 2915 516 2984 Dive
540 2919 647 2999 Puer,
678 2919 779 2987 terris
801 2922 836 2988 te
858 2919 918 2986 rix
939 2918 1130 3006 pastoribus
1150 2918 1263 2984 ortum

343 3039 387 3104 40
519 3041 655 3109 insueto
678 3044 871 3110 monstrant
893 3041 1045 3110 carmine
1068 3037 1270 3118 caelicolae余

282 3217 286 3226 .
432 3164 521 3240 Quin
544 3167 580 3233 11
603 3166 797 3254 longinquis
818 3167 962 3235 orientis
984 3166 1123 3252 regibus
1142 3164 1243 3232 antro

518 3291 570 3358 Ad
592 3291 768 3360 Bethleem
791 3293 876 3360 miro
897 3292 1008 3362 sidere
1030 3291 1156 3360 sternis
1177 3290 1263 3371 iter余

431 3413 472 3480 Et
495 3417 530 3482 te
553 3417 769 3500 praesentem
790 3415 892 3484 tellus
913 3415 1076 3502 aegyptia
1097 3414 1215 3496 novit,

518 3539 627 3614 Quum
650 3539 831 3610 simulacra
852 3540 954 3608 deum
974 3557 1068 3609 rana
1089 3539 1232 3626 repente
1255 3536 1378 3603 ruuntz

344 3663 388 3728 45
431 3661 498 3730 Cur
519 3680 602 3747 ergo
623 3663 724 3732 Matri
746 3664 815 3764 sic,
840 3664 973 3748 Gnate,
998 3662 1214 3734 absconderis
1235 3660 1312 3744 uni,

519 3785 583 3862 Qui
604 3785 748 3855 miserae
771 3787 871 3856 terris
893 3789 1007 3856 omnia
1028 3787 1118 3855 selus
1139 3785 1241 3855 erasi

432 3907 505 3974 Ah!
530 3910 564 3977 11
587 3909 682 3978 nulla
704 3910 836 3978 latent:
860 3912 989 3996 quanto
1011 3927 1088 3978 mea
1111 3907 1214 3977 corda
1235 3906 1349 3974 101011

522 4033 691 4101 Uruntur!
715 4035 834 4104 Matris
855 4051 938 4102 num
961 4034 1022 4101 tibi
1044 4051 1127 4100 cura
1148 4035 1229 4100 tuae

431 4155 564 4224 Excidit
585 4174 630 4225 ex
651 4157 792 4226 animet
815 4175 918 4226 saeva
941 4157 1022 4226 heu!
1046 4175 1150 4244 quum
1173 4156 1273 4224 tanta
1294 4155 1464 4237 moneret,

343 4279 387 4345 50
516 4280 687 4348 Fatidicus
709 4297 779 4350 non
802 4281 888 4350 haec
910 4279 1102 4367 praecinuit
1125 4279 1271 4347 Simeon.

431 4404 558 4487 Dicite,
581 4404 790 4488 Caelicolae,
814 4405 922 4474 lateat
944 4422 1013 4492 qua
1034 4404 1141 4473 dulcis
1163 4405 1278 4486 lesus,

518 4531 587 4598 Aut
608 4529 704 4598 caelo
728 4532 790 4598 aut
813 4530 926 4613 terris,
950 4531 1052 4598 110111
1077 4547 1144 4615 qua
1167 4528 1284 4597 lateat
