3576 5376
318 541 383 607 326
608 551 693 603 rrnn
707 551 830 604 envers
851 555 872 606 r.
889 554 917 607 o.
935 553 966 603 n.
983 555 1017 604 u.
1033 573 1052 588 -
1068 553 1204 606 sunem
1220 554 1243 601 v

426 681 554 750 Verum
576 681 758 765 utrumque
781 680 871 767 rapit
893 679 1031 748 tandem
1057 696 1163 747 mors:
1194 677 1288 748 dives
1309 697 1438 748 averno

337 809 382 876 60
514 801 705 889 Excipitur,
727 803 860 890 gremio
883 805 1028 872 Lazarus
1051 808 1105 872 ast
1127 805 1297 874 Abrahae.

426 933 488 1000 llic
509 931 619 1000 laetus
641 929 776 1015 requie:
799 927 857 997 ille
879 928 935 996 sili
958 927 1154 1016 deperditus
1175 929 1289 1014 ardet,

514 1055 557 1122 Et
578 1055 712 1140 guttam
734 1072 757 1121 a
777 1054 893 1140 spreto
916 1069 1066 1140 paupere
1089 1055 1198 1140 poscit
1219 1072 1339 1141 aquae.

427 1183 472 1250 nt
495 1180 636 1249 frustra:
661 1177 804 1246 immani
827 1181 1005 1264 torquetur
1027 1179 1156 1248 vortice
1179 1179 1336 1248 flammae

514 1302 601 1371 Olim
623 1301 681 1388 qui
705 1300 804 1384 felix,
826 1318 919 1369 nunc
942 1301 1051 1387 magis
1074 1302 1146 1389 ipsa
1169 1303 1289 1372 miser:

339 1431 382 1496 65
426 1429 467 1496 st
491 1425 587 1495 binos
607 1425 775 1492 immensa
798 1424 915 1509 procul
936 1423 1086 1509 seiungit
1107 1425 1264 1511 abyssus,

516 1552 593 1619 Non
615 1549 712 1632 huc,
726 1564 797 1615 non
819 1547 898 1614 illuc
920 1550 973 1616 est
996 1565 1149 1618 remeare
1171 1551 1299 1618 datum.

427 1673 523 1742 Haud
544 1690 642 1741 secus
663 1671 821 1740 attritum
842 1671 952 1758 plagis
973 1672 1202 1759 humilemque
1225 1675 1426 1762 inopemque

516 1799 613 1866 Nunc
635 1798 746 1864 Issum
768 1795 899 1880 spernit
920 1797 1033 1862 turma
1053 1797 1200 1882 superba
1222 1815 1346 1864 meum.

429 1921 493 1990 Sed
516 1938 595 1989 mox
617 1918 737 2006 flagitii
758 1935 888 2004 peenas
909 1917 999 1987 luel:
1023 1919 1127 2006 impia
1151 1921 1237 1988 tristi

342 2052 385 2116 70
517 2045 620 2115 Clade
642 2047 736 2126 ruet;
761 2046 853 2111 lesus
875 2059 895 2110 e
917 2060 1005 2111 nece
1027 2044 1136 2113 victor
1158 2047 1234 2114 erit.

429 2175 515 2242 Nam
539 2171 604 2239 fert
627 2168 867 2254 magnanimus
888 2185 1048 2254 suprema
1069 2169 1112 2236 ad
1135 2171 1284 2238 culmina
1305 2171 1460 2256 signum,

519 2299 592 2376 Quo
614 2297 733 2366 mortis
754 2296 887 2382 rapitur
910 2265 1063 2364 lancibus
1084 2314 1185 2363 omne
1209 2315 1327 2382 genus

430 2425 483 2494 Sic
505 2425 615 2492 Gazae
638 2423 801 2508 Sampson
824 2420 959 2490 avulsos
980 2419 1121 2489 carriine
1142 2425 1256 2509 postes

520 2547 696 2633 Impositos
718 2545 868 2614 humeris
888 2545 933 2614 ad
954 2546 1036 2630 iuga
1057 2545 1148 2614 celsa
1170 2547 1294 2631 trahit,

346 2674 390 2740 75
433 2671 592 2740 Hostibus
614 2669 780 2740 Isacidum
802 2672 930 2754 terror,
953 2669 1110 2756 partique
1134 2668 1297 2756 triumphi

522 2795 692 2864 Montibus
713 2796 753 2863 ut
774 2793 914 2862 summis
936 2793 1029 2862 clara
1052 2797 1194 2881 tropaea
1217 2793 1339 2863 forant

435 2927 484 2992 Tu
506 2926 640 3004 tamen,
664 2939 684 2990 o
707 2921 839 3004 Simon,
863 2939 1001 2990 consors
1022 2921 1150 2989 adscite
1172 2921 1316 3005 laboris,

522 3047 593 3114 Ah!
617 3047 760 3114 nimium
784 3044 887 3129 felix,
910 3060 1015 3130 usquc
1039 3061 1205 3112 cacumen
1227 3043 1310 3113 adis

438 3173 514 3241 Non
538 3172 620 3240 Iuda
641 3173 752 3255 salus,
773 3172 811 3237 at
832 3172 970 3238 nostrae
993 3168 1033 3236 de
1057 3169 1187 3237 semine
1209 3169 1344 3255 gentis,

349 3301 392 3365 80
524 3297 658 3365 Primus
671 3295 770 3381 apud
792 3294 962 3363 Christum
985 3293 1052 3362 fert
1074 3293 1182 3363 crucis
1204 3294 1436 3380 opprobrium!

398 3529 431 3586 (l)
447 3527 485 3576 Pa.
500 3527 567 3584 xxi,
586 3527 622 3574 la.

398 3592 431 3650 (2(
448 3591 499 3638 lsai.
517 3590 581 3646 llll,
599 3591 620 3637 7.

398 3654 432 3714 (8)
448 3653 492 3700 las
508 3655 543 3700 est
553 3654 635 3700 Poetae
651 3651 787 3710 Cyrenaeum
802 3649 874 3696 dicere
890 3647 1009 3708 libycum,
1025 3661 1092 3708 quum
1108 3649 1172 3696 iuxta
1187 3649 1318 3708 intorpretoe
1333 3649 1424 3698 dubium
1439 3652 1483 3706 sit,
1498 3667 1528 3700 an

336 3717 404 3766 luerit
419 3731 445 3764 cx
465 3715 518 3762 urbe
534 3716 644 3774 Cyrenes.
660 3727 716 3773 qnae
732 3713 776 3760 fuit
791 3711 815 3758 in
831 3712 914 3770 libya,
930 3715 971 3759 aut
985 3725 1013 3759 ex
1030 3725 1057 3758 os
1072 3725 1130 3770 quse
1145 3713 1168 3758 iu
1185 3713 1260 3771 Syris,
1271 3715 1312 3760 aut
1327 3713 1351 3760 in
1366 3713 1438 3760 insule
1454 3715 1528 3774 Cypri.

400 3781 433 3840 (4)
450 3779 574 3837 Cyrenaeus
590 3779 647 3824 lilios
662 3775 759 3823 habebat
774 3775 924 3822 Alexandrum
939 3776 962 3821 et
978 3775 1067 3822 Rullum.
1082 3775 1150 3822 ltere.
1166 3773 1215 3830 xv,
1231 3777 1269 3822 21.

402 3846 435 3904 (5(
452 3841 584 3888 Benedictus
605 3841 658 3886 XIV
674 3841 697 3886 in
713 3839 783 3896 Opere
806 3837 912 3883 delestis
929 3837 955 3884 li.
972 3837 999 3884 N.
1016 3838 1034 3885 l.
1052 3837 1076 3886 C.
1093 3838 1146 3883 haec
1167 3838 1195 3883 do
1211 3839 1299 3885 Simone
1319 3837 1429 3896 Cyrenaeo
1448 3838 1529 3886 habet:

339 3907 438 3954 Gerulatis
453 3918 482 3951 ne
497 3919 530 3950 cn
546 3905 665 3958 Iudam,
680 3903 866 3960 lnwornpestum.
884 3901 964 3946 l'enrrn
976 3899 998 3948 S.
1010 3901 1137 3947 Ambnrsius
1153 3900 1176 3946 in
1192 3901 1244 3948 Luc.
1261 3899 1298 3948 lib.
1317 3902 1346 3949 10
1369 3903 1401 3948 ita
1417 3901 1529 3959 loquitur:

336 3971 390 4016 Non
408 3969 512 4018 lancem
527 3973 561 4014 eat
578 3967 623 4026 pua·
635 3979 726 4011 meacm
738 3969 839 4022 ponat,
854 3965 895 4009 secl
910 3963 1041 4022 alienipmn
1057 3970 1079 4009 et
1089 3965 1240 4022 pertentans
1256 3963 1288 4010 Et
1298 3963 1320 4010 S.
1332 3964 1376 4011 loe
1386 3965 1409 4010 in
1426 3963 1530 4011 Sermone

338 4032 397 4080 l'lll.
414 4033 442 4079 de
458 4031 564 4077 Passieno
580 4030 625 4075 ait:
642 4029 695 4074 Non
717 4041 772 4086 erpo
787 4027 930 4086 smuilum,
945 4029 985 4072 sed
1000 4028 1131 4086 flpurctum
1147 4031 1169 4071 et
1189 4029 1314 4086 myceeum
1329 4029 1391 4088 fucit,
1408 4031 1435 4072 ul
1448 4041 1531 4074 mm·

337 4097 429 4142 tissime
445 4094 578 4141 Sclcotoffa
593 4091 722 4150 oppmoaso
733 4105 779 4137 non
792 4091 913 4136 Hennae
928 4093 1068 4150 pruisquam,
1085 4105 1124 4137 nec
1140 4091 1264 4146 lausto,
1279 4091 1321 4137 sed
1335 4091 1466 4151 ulam
1475 4091 1531 4136 συὸ-

400 4220 432 4278 (Sl
454 4217 564 4265 Mune
587 4219 706 4264 S'monem
731 4217 878 4275 Cyrenaeum
902 4215 1047 4275 Epinoopum
1070 4217 1144 4274 faece
1168 4217 1310 4264 300me
1331 4217 1358 4262 (κ
1378 4216 1485 4272 moro,
1508 4223 1531 4263 et

339 4283 486 4344 martyrium
504 4282 557 4340 tone
572 4285 738 4338 wmmprum
754 4279 783 4324 ob
797 4280 866 4336 tidem
882 4279 987 4325 moriana
1003 4279 1090 4328 enne
1104 4279 1199 4327 Diction.
1215 4281 1238 4328 in
1255 4291 1308 4326 roes
1323 4281 1412 4334 Simon,
1428 4281 1461 4327 X.

401 4348 434 4406 (7(
452 4345 506 4390 Post
521 4345 637 4402 quintam,
649 4345 675 4390 ut
690 4343 765 4398 siunt,
777 4342 896 4389 stationem
911 4343 1039 4388 oecmrebst
1053 4343 1113 4388 illins
1124 4343 1219 4390 honunis
1229 4343 1358 4401 praedivitis
1367 4343 1456 4400 domne,
1467 4343 1531 4390 cuius

338 4409 439 4456 meminit
461 4407 513 4454 Luc.
529 4407 598 4463 lllll,
625 4405 661 4453 19Ἰ
678 4405 742 4464 Quae
758 4416 809 4451 vero
824 4404 852 4452 do
866 4403 990 4451 huiusmodi
1008 4405 1096 4450 homins
1119 4408 1249 4462 mentor,
1265 4419 1310 4452 non
1329 4405 1388 4452 inter
1402 4406 1530 4464 mairolas,

338 4471 378 4517 sed
393 4473 452 4518 inter
463 4469 569 4517 historica
585 4469 717 4516 recensenda
732 4479 781 4514 asse
791 4469 909 4514 summast
925 4467 1004 4514 Petras
1019 4467 1133 4514 Ecclesiae
1147 4468 1316 4526 spectatissimi,
1337 4471 1405 4526 etque
1420 4467 1532 4527 inprimis

341 4534 482 4589 Ambrosius,
508 4533 678 4590 Chrysomomus
693 4533 716 4576 ot
731 4529 833 4589 cyrillus
858 4531 935 4577 Adhuc
951 4530 974 4576 in
995 4531 1080 4577 croco
1103 4532 1186 4578 stim
1209 4533 1269 4578 locus
1292 4530 1352 4577 illius
1375 4531 1453 4578 domm
1472 4543 1532 4578 conr·

339 4599 481 4644 monstratum.
497 4595 632 4644 Moenus·
646 4595 715 4654 Ipr’no
731 4618 760 4628 -
780 4594 855 4640 lbra-n
871 4595 947 4641 sante
965 4619 993 4628 -
1010 4595 1169 4653 Ammona·
1182 4595 1287 4653 ιτὶῲὼα
1298 4607 1356 4654 μσς.
1373 4596 1427 4642 186.
