3472 5360
662 567 776 620 LIBER
799 566 935 619 PRIMVS

298 695 342 762 Et
362 693 472 763 subito
496 696 617 762 tenues
639 697 750 764 visum
770 694 926 764 vanescit
948 695 1117 765 inauras

191 821 255 886 170
301 819 370 886 Nos
393 816 505 904 pavidi
529 819 701 905 trepidare
725 822 761 888 et
784 817 880 887 humi
904 819 1124 904 procumbere
1147 821 1245 908 proni
1257 838 1267 904 ;

299 942 407 1027 Erigit
428 943 465 1009 at
488 944 603 1025 Iesus,
628 962 778 1030 namque
801 943 873 1029 ipsc
897 946 1112 1014 remanserat
1134 961 1231 1012 unus.

298 1068 390 1134 Haec
412 1060 550 1150 egomet
572 1065 640 1134 vidi
652 1085 662 1150 3
687 1085 791 1153 mage
812 1067 870 1135 sed
896 1071 1078 1154 praecepta
1101 1069 1253 1154 Magistri

300 1189 411 1273 Figite
434 1205 495 1256 vos
517 1187 660 1256 animis:
695 1191 784 1257 haec
808 1189 939 1275 lampas
961 1190 1056 1258 clara
1078 1189 1210 1276 fugabit

302 1313 444 1382 Umbras
464 1311 682 1400 signabitque
704 1313 819 1395 viam;
848 1313 897 1381 sic
920 1313 1057 1383 tramite
1080 1317 1195 1398 certo,

193 1441 255 1507 175
299 1440 381 1507 Post
403 1437 516 1506 varios
537 1455 636 1506 casus
658 1437 830 1525 duraeque
853 1438 1006 1525 pericula
1027 1439 1140 1522 vitae,

299 1561 503 1632 Caelicolum
525 1561 662 1630 dabitur
680 1579 840 1649 suprema
861 1561 941 1631 sede
964 1564 1075 1649 potiri.

387 1687 440 1754 Sic
462 1686 542 1768 iile;
565 1704 606 1754 ac
629 1687 769 1755 tandem
793 1686 919 1756 libatur
942 1688 1081 1756 victima
1103 1689 1215 1757 Christ
1255 1737 1263 1754 .

299 1811 496 1881 Indubitata
518 1811 622 1880 tides:
646 1829 760 1880 escam
782 1813 818 1879 et
839 1829 914 1880 sese
938 1812 1095 1880 omnibus
1116 1813 1237 1896 offert3

301 1940 377 2024 Ipse
399 1937 512 2006 latens
535 1935 630 2004 tenui
653 1936 758 2003 crusti
779 1937 842 2004 sub
864 1935 1033 2021 imagine,
1057 1935 1145 2005 saliit

194 2067 256 2132 180
299 2063 478 2133 Mortalem
500 2064 677 2130 obtutum:
701 2060 825 2130 Christi
847 2081 1029 2132 succensus
1046 2081 1183 2144 amore,

300 2189 455 2277 Quisquis
476 2189 594 2272 adest,
617 2186 738 2258 avidus
760 2189 878 2258 divina
900 2189 942 2258 ad
965 2189 1092 2275 pabula
1114 2191 1229 2259 currit.

387 2314 484 2384 Haud
507 2317 624 2382 tamen
646 2316 700 2384 cst
720 2315 826 2383 sacris
847 2315 945 2394 flnis;
970 2332 1050 2383 nam
1072 2333 1175 2401 quum
1199 2315 1302 2383 datur
1325 2315 1382 2381 uni

300 2443 440 2527 Sceptra
463 2437 621 2526 vicesque
652 2439 711 2508 Dei
734 2457 855 2524 gerere
877 2459 918 2507 ac
949 2439 1123 2526 praecelsa
1145 2443 1297 2526 potestas

300 2567 419 2648 Petro,
445 2564 482 2630 ut
504 2561 606 2629 ducat
628 2580 710 2630 oves
731 2563 774 2630 ad
796 2581 945 2649 pascua,
967 2562 1071 2630 ducat
1093 2564 1131 2631 et
1151 2580 1259 2646 agnos
1270 2579 1285 2644 3·

195 2692 256 2758 185
302 2691 485 2759 Pontifices
507 2688 600 2756 iubet
622 2689 659 2754 in
683 2688 831 2774 populos.
855 2688 954 2775 Stant
977 2689 1096 2757 ordine
1120 2692 1251 2774 mystae

302 2817 390 2882 Ante
413 2831 531 2894 aram,
558 2813 663 2880 sacris
685 2812 873 2899 praecincti
896 2830 1039 2899 corpora
1060 2812 1138 2880 linis

301 2939 514 3024 Proiectique
537 2955 653 3023 genu,
676 2941 808 3006 rectam
829 2936 886 3022 qui
910 2937 1046 3006 tradere
1068 2937 1184 3006 iurant

301 3062 495 3131 Doctrinam
518 3060 618 3144 fidei,
641 3078 683 3128 ac
705 3060 854 3147 supremi
878 3059 953 3128 iura
975 3061 1138 3146 Magistri.

302 3193 375 3276 Ipse
399 3205 521 3257 manus
542 3187 647 3274 capiti
669 3185 815 3274 imponit
837 3188 1048 3273 septenaque
1072 3186 1162 3254 dona

195 3317 256 3382 190
300 3307 471 3395 Adv'ccat,
493 3310 627 3382 aeterni
650 3326 849 3378 concessum
872 3310 995 3396 pignus
1018 3309 1171 3390 Amoris,

300 3441 341 3506 111
362 3438 495 3524 palmas
516 3439 637 3506 sancta
660 3438 696 3504 et
718 3436 870 3505 cervices
892 3435 992 3520 ungit
1014 3435 1125 3518 oliva;

301 3565 392 3632 Haec
414 3561 616 3632 concordem
638 3561 792 3629 animum
814 3560 978 3629 simulant
999 3562 1036 3629 et
1061 3561 1182 3628 suavia
1203 3562 1296 3647 pacis

300 3690 450 3770 Fcnora,
473 3687 511 3754 in
533 3685 699 3754 incultam
722 3703 786 3754 ceu
808 3703 896 3771 quae
918 3685 1109 3756 redolentia
1133 3685 1271 3754 barbam

297 3815 489 3882 Decurrunt
511 3813 691 3899 unguenta
715 3812 837 3880 Aronis
859 3812 901 3880 de
925 3812 1054 3880 vertice
1075 3829 1182 3880 sacro.

192 3942 253 4008 195
299 3939 416 4008 Mucia
436 3937 603 4023 porrectis
624 3937 704 4005 dein
728 3936 914 4023 pastoralia
935 3937 1041 4022 virgis

298 4065 381 4148 Dat,
405 4062 480 4132 miti
503 4081 625 4150 regere
649 4063 812 4150 imperio,
836 4065 941 4149 atque
963 4062 1007 4130 ad
1030 4080 1156 4148 pascua
1178 4062 1268 4131 lecta

302 4195 430 4261 Ducere
452 4209 554 4274 oves,
580 4191 774 4278 campisque
797 4191 917 4260 iubens
939 4207 1057 4258 arcere
1081 4191 1248 4275 malignis.

303 4320 467 4404 Magnum
488 4336 574 4406 opus
594 4321 863 4404 augustumque,
890 4318 1037 4406 ipsisque
1060 4321 1189 4404 negata
1211 4322 1361 4407 potestas

299 4445 502 4530 caelitibus,
526 4447 662 4515 veteres
683 4463 786 4531 quam
809 4462 875 4513 nec
897 4461 1026 4513 novere
1049 4447 1231 4531 parentes,

191 4573 255 4640 200
301 4570 518 4641 abramidum
541 4573 634 4642 claro
650 4572 804 4658 quamvis
825 4589 845 4640 e
867 4572 997 4641 semine
1021 4573 1115 4641 creti.
