3560 5368
300 486 365 551 216
803 505 1001 557 roranrnos

408 629 580 708 Percutit,
606 633 835 718 obscenasque
858 635 958 701 notas
979 631 1217 717 horrendaque
1239 629 1347 699 verba

407 755 472 821 Ore
497 753 664 823 tremente
689 757 814 841 vomit,
845 757 973 844 refugit
995 776 1083 844 quae
1107 775 1203 826 musa
1225 755 1378 824 reterre:

300 879 366 942 265
410 879 451 944 Et
476 877 576 958 furit,
609 881 733 948 arrecti
756 882 869 950 crines
891 882 1094 969 impexaque
1120 882 1244 960 barba,

408 1002 570 1070 Discissae
594 1007 725 1089 vestes,
750 1010 883 1096 mutata
904 1009 941 1076 et
962 1005 1253 1090 lumina‚·vultus

411 1128 557 1195 Decolor.
581 1130 748 1199 Exaudite
770 1099 807 1200 at
830 1133 898 1200 iam
921 1131 1121 1201 cantamina
1143 1132 1267 1213 sentit,

412 1253 685 1342 praecipitatque
719 1275 831 1326 moras
851 1259 1079 1344 properatque
1102 1256 1287 1326 escendere
1310 1257 1455 1323 cautem.

406 1379 530 1461 Igneus
552 1398 597 1448 en
619 1381 730 1448 subito
753 1400 871 1450 currus
893 1379 1145 1450 flammantibus
1167 1385 1265 1449 actus

298 1500 362 1566 270
407 1501 506 1570 Visos
528 1504 638 1589 equis,
671 1505 803 1591 rapitur
825 1506 915 1574 Simo
937 1509 1041 1592 etque
1063 1506 1211 1591 assurgit
1239 1505 1276 1571 in
1298 1521 1421 1584 auras,

405 1627 579 1694 insuetum
602 1632 720 1698 vectus
742 1647 803 1715 per
826 1631 908 1711 iter,
932 1631 1121 1716 praevertit
1142 1633 1179 1698 et
1201 1645 1320 1698 euros:

407 1751 504 1819 iilum
527 1753 722 1840 quadriugis
744 1773 888 1841 pronum
910 1757 992 1824 dare
1016 1755 1089 1824 lora
1113 1757 1271 1836 tuentur,

359 1880 362 1885 ’
408 1876 517 1944 Pallia
537 1876 616 1946 dum
639 1878 770 1946 levibus
792 1879 939 1949 volitant
961 1880 1105 1948 ludibria
1128 1879 1248 1948 ventis

494 2004 615 2072 Petrus
637 2005 693 2072 ubi
716 2006 849 2092 magica
872 2005 1050 2092 deceptum
1073 2005 1215 2092 despicit
1245 2007 1320 2072 arte

297 2125 362 2190 275
408 2127 559 2213 Vulgus,
583 2133 618 2197 et
640 2129 808 2212 incertos,
840 2131 972 2216 peperit
994 2149 1078 2218 quos
1100 2148 1210 2216 nuper
1233 2132 1330 2208 lesu,

408 2251 602 2321 Romulidas
623 2256 787 2339 haerere,
818 2257 1022 2324 immensum
1046 2235 1195 2342 concipit
1216 2255 1352 2340 ignem;
1491 2265 1493 2268 ·

408 2379 667 2466 Procumbitque
690 2399 782 2466 genu
803 2380 891 2449 flexo
914 2381 1104 2468 tacitusque
1127 2381 1308 2467 precatur,

407 2505 455 2570 Ne
477 2503 569 2571 sinat
591 2505 813 2592 Omnipotens
835 2506 962 2574 umbris
984 2503 1160 2574 fallacibus
1182 2505 1273 2572 uitro

409 2631 599 2698 itomanam
620 2651 730 2718 genus
752 2650 854 2701 omne
876 2633 974 2719 capi,
998 2632 1154 2718 tristique
1177 2636 1316 2718 tropaeo

297 2757 361 2820 280
408 2755 581 2825 Artificem
603 2758 730 2842 gestire
750 2757 818 2826 doli
841 2761 877 2826 et
896 2760 1096 2826 subvertere
1120 2759 1274 2825 mentes:

407 2881 558 2966 Exurgat
580 2885 687 2966 Deus,
710 2886 815 2969 atque
838 2884 991 2952 infernos
1013 2886 1170 2950 conterat
1192 2882 1314 2950 hostes.

406 3009 517 3092 Atque
539 3008 624 3076 haec
647 3009 726 3076 dum
750 3009 873 3096 populo
897 3027 1010 3076 coram
1034 3008 1218 3076 manifesta
1250 3009 1439 3094 geruntur,

407 3135 610 3201 Mamertina
633 3136 755 3201 tenent
777 3136 955 3202 obscurum
979 3133 1116 3202 vincula
1139 3133 1292 3202 Paulum.

404 3257 501 3324 Haud
525 3258 641 3343 procul
658 3259 736 3326 hinc
752 3259 867 3344 fragor
885 3258 1022 3326 auditur
1036 3259 1265 3344 strepitusque
1288 3255 1504 3324 trementum.

297 3381 361 3446 285
407 3383 556 3449 Noverat
578 3382 633 3448 ille
658 3385 747 3469 Magi
772 3382 907 3451 fraudes
929 3383 1132 3469 internaque
1154 3384 1253 3469 gesta

405 3509 627 3593 insontesque
650 3525 751 3592 orans
772 3507 935 3576 tendebat
957 3507 1000 3575 ad
1023 3507 1164 3576 aethera
1186 3507 1326 3594 palmas.

406 3633 585 3726 Aetherius
606 3633 761 3715 iuvenis,
785 3635 914 3702 Romae
938 3634 991 3700 cni
1016 3633 1145 3701 credita
1168 3651 1269 3714 cura,

406 3758 496 3824 Vota
517 3759 645 3824 Ducum
667 3776 807 3844 superae
827 3758 940 3828 desert
971 3758 1114 3826 festinus
1137 3758 1172 3825 in
1194 3757 1305 3825 aedes.

404 3884 534 3950 Annuit
556 3882 727 3970 extemplo
750 3885 838 3952 Deus
858 3887 895 3952 st
917 3884 1111 3952 tremefecit
1132 3883 1301 3968 abyssum.

213 4031 216 4038 λ
296 4007 360 4072 290
405 4009 498 4076 Haec
520 4009 631 4090 inter,
655 4009 765 4077 subito
787 4009 948 4076 miscetur
971 4008 1108 4076 turbine
1129 4007 1262 4076 caelum

404 4134 683 4220 Horrendumque
707 4137 821 4216 tonat;
847 4136 952 4202 nubes
976 4134 1148 4219 ferrugine
1171 4135 1263 4200 tetra

404 4261 533 4344 ignitos
555 4279 689 4344 currus,
717 4261 872 4344 aurigam
896 4259 1047 4328 obvolvit
1069 4277 1262 4346 equosque3

404 4382 653 4468 Praecipitique
676 4383 745 4449 ruit
768 4382 939 4468 perculsus
962 4381 1096 4467 fulgure
1119 4383 1219 4450 Simo.

403 4507 469 4574 Ora
490 4508 630 4593 stupent
652 4498 750 4586 casu,
774 4505 902 4575 subitus
924 4509 1052 4574 tremor
1074 4509 1218 4593 occupat
1241 4523 1369 4574 omnes.
