3564 5376
683 506 795 558 urens
815 507 966 558 rnarrvs
1381 493 1425 556 65

331 635 559 720 Parthenope,
584 637 620 702 et
641 635 773 704 Samnis
794 634 908 722 pellax
930 637 1032 722 atque
1055 633 1168 701 incola
1190 633 1313 715 Tibris,

216 755 284 823 235
326 759 439 827 Illirici
463 759 654 847 venetique
675 778 717 827 ac
738 759 812 828 alta
832 779 852 829 e
875 779 959 846 rupe
982 758 1104 828 Pelori.

329 885 450 952 Istrum
471 886 595 972 quique
617 885 753 970 bibunt,
777 885 899 953 Euxini
922 888 984 954 aut
1005 902 1155 971 aequora
1178 888 1337 953 verrunt:

330 1011 372 1076 Et
392 1009 538 1096 (lomus,
560 1011 695 1080 italiam
717 1013 775 1098 qui
796 1014 880 1079 tnnc
903 1011 1031 1080 ditione
1053 1010 1240 1098 premebat.

414 1135 468 1203 Sol
490 1135 702 1222 vespertinas
722 1136 872 1205 moriens
893 1135 1062 1204 iniecerat
1083 1139 1239 1218 umbrae3

328 1260 500 1329 Adventat
523 1263 659 1345 Pastor;
689 1263 821 1345 sedem,
845 1279 912 1348 qua
933 1263 1054 1330 sancta
1074 1261 1226 1348 supellex

216 1385 283 1449 240
328 1389 546 1471 asservatur,
568 1388 657 1471 adit3
680 1387 775 1474 plebs
795 1405 836 1456 ac
859 1406 981 1456 manus
1003 1387 1082 1455 inde
1104 1391 1222 1456 secuta
1245 1391 1297 1456 est

331 1512 437 1579 Multa
456 1514 687 1596 sacerdotum
709 1513 814 1582 sacris
835 1531 871 1582 se
894 1513 1045 1581 vestibus
1065 1516 1208 1596 ornant;

330 1639 441 1706 Aurea
463 1638 623 1725 reliquias
645 1639 789 1707 heroum
812 1639 950 1726 capsula
972 1639 1104 1722 condit,

329 1763 440 1831 Effuso
462 1764 537 1850 qui,
560 1764 709 1848 Christe,
733 1764 834 1833 tidem
858 1783 935 1833 oum
957 1765 1125 1850 sauguine
1148 1765 1303 1850 signant,

330 1889 591 1976 Despiciuntque
614 1907 751 1973 necem;
776 1890 910 1960 fumant
933 1893 970 1959 et
990 1889 1076 1958 turis
1096 1909 1252 1959 acerrae:

219 2011 286 2078 245
331 2015 472 2082 insonat
494 2017 530 2082 et
552 2015 650 2084 laetis
672 2016 798 2084 circum
820 2016 1042 2085 concentibus
1062 2016 1183 2086 aether
1232 2041 1234 2048 ·

330 2141 447 2206 Totam
470 2158 531 2225 per
553 2143 709 2226 noctem,
728 2143 832 2228 atque
855 2141 990 2210 alterno
1013 2141 1165 2210 carmine
1188 2140 1351 2226 psallunt,

330 2265 419 2332 Ante
441 2283 555 2334 sacros
577 2266 710 2336 cineres
732 2266 863 2335 meritis
884 2269 921 2335 et
943 2265 1097 2335 laudibus
1118 2269 1227 2334 orant.

328 2389 515 2476 Expectata
536 2391 609 2459 dies
631 2392 771 2460 tandem
793 2392 955 2476 surgebat
977 2409 1039 2459 eoo

329 2515 458 2598 Litore,
482 2535 687 2603 purpuream
711 2517 906 2586 diffundens
928 2517 1070 2587 aethere
1092 2518 1212 2587 lucem.

217 2640 284 2707 250
329 2642 459 2710 Cuncta
482 2643 617 2728 lavent,
639 2644 736 2712 lenes
758 2643 912 2730 aspirant
936 2645 1089 2712 suaviter
1111 2663 1234 2728 aurae,

329 2768 509 2868 Molliaque
531 2771 688 2839 humenti
710 2770 884 2857 pelluoeut
905 2771 1065 2856 gramina
1086 2789 1182 2857 rore,

329 2893 606 2981 Frondentesque
628 2895 731 2964 silent
752 2897 903 2983 Gargani
926 2897 962 2964 in
986 2897 1113 2966 vertice
1136 2916 1288 2984 quercus.

329 3020 448 3088 Affluit
469 3020 603 3090 interea
625 3021 728 3090 variis
750 3007 946 3108 regionibus
966 3021 1092 3108 ingens

327 3146 387 3212 Vis
408 3146 538 3231 populi,
562 3149 755 3232 matresque
778 3146 896 3230 simul,
919 3147 1127 3233 iuvenesque
1148 3165 1316 3234 senesque

217 3273 283 3339 255
328 3274 371 3340 Et
391 3273 559 3359 Sipontini
582 3271 725 3342 desertis
748 3273 923 3342 moenibus
945 3275 1045 3342 urbis

415 3399 460 3465 At
480 3416 614 3485 quoque
637 3398 750 3468 festivi
772 3398 938 3468 decorant
957 3399 1124 3469 solemnia
1145 3401 1230 3469 ritus

327 3525 485 3593 Pastorae
505 3527 652 3611 septem,
677 3543 818 3612 qnorum
841 3525 935 3611 plebs
958 3525 1088 3595 credita
1109 3527 1232 3595 Christi

329 3649 515 3737 Unicuique
537 3668 598 3718 sna
619 3652 698 3734 est,¹
713 3650 846 3719 incessu
869 3653 972 3738 atque
995 3669 1053 3720 ore
1076 3655 1239 3739 verendi,

327 3775 498 3860 Edulgenl
520 3775 623 3862 capiti
644 3775 789 3860 gemmis
811 3792 961 3863 auroque
985 3777 1111 3863 tiarae,

216 3902 283 3968 260
327 3900 508 3987 Splendida
529 3920 701 3970 sacrorum
724 3903 809 3971 dant
831 3903 936 3989 pallia
958 3923 1100 3991 corpora
1122 3906 1259 3975 circum.

329 4029 373 4096 Ut
394 4029 497 4098 caelis
517 4029 611 4098 omni
633 4029 758 4098 delecti
780 4047 823 4098 ex
846 4031 965 4098 ordine
987 4033 1119 4118 septem

326 4155 499 4239 Aligerum
522 4155 621 4241 primi
644 4156 727 4224 solio
749 4157 844 4224 stant
865 4156 1133 4242 omnipotentis;

326 4279 379 4347 Sic
401 4282 522 4348 Patres
543 4281 668 4348 adsunt
689 4283 838 4367 septem,
861 4282 952 4349 haud
973 4281 1047 4350 sine
1071 4282 1212 4350 numine
1235 4277 1372 4365 Divum,

325 4407 454 4489 Quum,
477 4405 639 4492 Michael‚
662 4407 824 4494 Gargana
846 4410 915 4476 Deo
938 4410 999 4476 tua
1022 4409 1151 4494 templa
1174 4408 1340 4476 dicantur.

214 4532 280 4598 265
324 4533 498 4602 Proiectus
520 4533 645 4602 toribus
667 4534 784 4620 templi
810 4535 1016 4604 Laurentius
1037 4534 1109 4603 alta

1305 4697 1320 4742 5
