3576 5376
555 757 600 808 DE
622 758 654 806 B.
680 755 795 806 mnam
818 755 971 808 umente
994 754 1178 807 sleultmvs
1200 753 1363 806 nudum

549 1535 637 1620 llrge
659 1549 745 1620 quae
768 1532 886 1620 magui
908 1531 1063 1601 Sebelem
1085 1533 1196 1601 Petris
1217 1533 1323 1602 edidit
1343 1534 1421 1602 alvo

460 1661 609 1727 lemeeas
630 1659 722 1726 inter
743 1657 839 1726 caele
860 1657 1054 1742 gratissima
1075 1658 1224 1740 matres,

462 1781 524 1851 1116
545 1782 583 1850 61
603 1797 765 1867 corporee
786 1779 922 1849 mortali
944 1779 1020 1865 lege
1042 1780 1164 1849 1666111

461 1905 599 1989 Debuit,
622 1907 678 1989 61,
702 1904 815 1991 fragili
838 1905 939 1974 terris
960 1921 1125 1991 compage
1147 1904 1288 1990 relicta,

394 2032 416 2098 5
459 2031 569 2098 Nacta
590 2045 793 2098 aerumnose
814 2028 934 2114 generi
955 2045 1136 2098 commuue
1157 2029 1376 2114 sepulcremi

460 2154 623 2223 Attamen
645 2153 779 2240 antiqui
802 2153 1030 2240 nequidquam
1051 2151 1177 2221 11116616
1199 2155 1352 2240 parentis

461 2279 622 2349 Nascenti
643 2279 801 2348 ebllrerat
821 2277 931 2360 labes,
955 2295 1021 2365 quo
1044 2279 1186 2348 erimine
1207 2281 1252 2347 ab
1273 2279 1332 2347 ille

459 2405 598 2475 Excidit·
611 2404 732 2474 infelix
754 2420 879 2489 genus,
903 2406 939 2473 61
960 2421 1051 2474 mers
1072 2405 1225 2492 praemia
1246 2406 1375 2494 culpae.

459 2530 545 2608 Quid
567 2531 748 2618 tetigitur,
773 2528 901 2616 virgei
920 2530 957 2597 16
979 2529 1169 2628 emisimus,
1192 2550 1213 2599 e
1236 2533 1326 2600 bene
1347 2534 1476 2618 Mater,

374 2657 416 2723 10
459 2657 536 2724 Una
556 2654 655 2724 mulis
675 2654 828 2741 requies,
853 2653 945 2722 11166
967 2671 1045 2740 spes
1065 2653 1168 2723 unica
1190 2656 1342 2724 nestrae!

459 2780 502 2848 Et
522 2781 633 2865 syrtes
654 2778 746 2848 inter
766 2777 984 2865 scopulosque
1008 2777 1197 2848 terentibus
1219 2779 1318 2848 undis

460 2907 534 2973 lieu
563 2903 675 2972 subite
697 2905 826 2990 quaele
847 2903 1003 2972 viduatos
1024 2902 1153 2972 lumine
1176 2903 1317 2991 linquis!

460 3030 507 3097 At
527 3045 597 3096 nen
620 3029 706 3098 haec
726 3027 898 3114 quendem
920 3028 1002 3096 dum
1023 3027 1132 3096 mtrlte
1153 3027 1324 3098 horrenda
1345 3035 1503 3124 moneret

459 3152 511 3220 Ad
532 3152 697 3239 templum
718 3151 845 3221 cecinit
865 3151 980 3220 senior
1001 3151 1063 3220 tibi
1084 3151 1169 3221 16116
1189 3155 1304 3222 vates:

376 3277 417 3344 15
460 3275 595 3345 Scilicet
616 3275 812 3345 exanimem
834 3273 962 3344 erudeli
984 3292 1004 3342 6
1026 3275 1142 3361 stipite
1165 3277 1291 3345 Netum

459 3404 581 3472 Vidisti
603 3405 711 3472 eheu!
735 3405 771 3472 et
791 3402 903 3472 666116
924 3402 1093 3490 discerpta
1113 3401 1257 3490 flagellis

459 3530 526 3597 016
547 3530 830 3614 cruentatumque
852 3528 956 3612 eaput
977 3527 1188 3614 traiectaque
1210 3528 1299 3597 serre

460 3653 613 3734 Pectore,
637 3652 673 3720 et
696 3668 714 3719 e
737 3651 845 3719 tantis
864 3667 1004 3738 superas
1027 3653 1146 3738 erepta
1167 3649 1343 3737 procellis,

462 3777 658 3844 Extremum
680 3773 727 3842 ah
748 3773 846 3842 nobis
866 3775 1005 3843 tandem
1027 3791 1205 3850 accessura
1225 3774 1392 3845 delorem!

374 3903 418 3968 20
461 3901 554 3969 11661
575 3899 715 3985 lengum
738 3897 858 3968 llentes
879 3897 956 3967 diae
978 3899 1023 3968 ad
1044 3903 1268 3969 monumenta
1289 3903 1448 3974 Parentis

460 4020 669 4092 Christiadae
691 4023 820 4090 moeste
842 4020 1036 4090 diffundunt
1056 4025 1193 4108 pectore
1214 4025 1336 4093 verba:

462 4148 504 4215 Et
525 4148 630 4216 necte
651 4147 708 4232 pia
729 4147 829 4214 turba
850 4145 975 4234 diuque
996 4147 1175 4217 immobilis
1198 4148 1318 4227 1166161
1432 4201 1436 4209 .

461 4269 511 4336 Ad
533 4267 717 4352 tumulum,
740 4267 918 4354 variatque
942 4267 1034 4338 vices
1055 4271 1093 4338 et
1114 4278 1285 4350 marmora
1305 4279 1430 4343 661161

461 4393 589 4479 Aligeri
612 4394 747 4462 interea
770 4393 909 4478 lengum
931 4393 1149 4462 modulamen
1171 4395 1302 4464 alumni

372 4521 417 4588 25
461 4518 610 4588 Alternis
632 4519 763 4587 iaciunt
785 4519 952 4604 numeris,
974 4519 1055 4588 hinc
1076 4519 1183 4589 dulcis
1204 4539 1339 4592 amaror

461 4647 656 4730 pertentat,
679 4644 842 4732 paulatim
864 4645 996 4713 animes
1017 4646 1053 4712 61
1075 4648 1215 4730 pectere
1238 4649 1372 4718 mulcet
