3564 5376
322 379 366 454 22
792 391 1052 442 urenaennroos

427 519 500 584 Ima
523 526 619 602 petes
641 515 752 603 pedis;
775 515 865 582 haud
889 518 1060 584 momento
1084 517 1246 602 temporis
1267 518 1393 586 almam

429 642 519 710 'labe
542 644 603 709 tua
624 641 770 724 inficias,
793 641 927 724 sceptro
949 641 986 707 et
1008 641 1147 725 potieris
1169 641 1294 727 iniquo.

321 766 385 832 460
429 767 631 851 incertaque
653 765 711 832 diu
732 764 812 832 licet
835 762 925 832 hunc
948 763 1096 849 caligine
1119 765 1284 834 honorem

430 892 504 975 Ipse
528 893 624 974 teges
645 890 745 971 olim,
770 887 912 957 clarabit
935 890 1043 956 Roma
1065 889 1201 957 clientis

431 1017 523 1083 Voce
547 1015 614 1097 Pii,
638 1017 875 1100 extremasque
898 1015 987 1084 orbis
1010 1015 1183 1083 resonabit
1204 1017 1247 1083 ad
1270 1035 1355 1084 oras.

432 1141 502 1208 Nec
525 1140 640 1226 procul
663 1140 743 1207 hinc
765 1137 892 1207 humile
913 1139 1091 1207 addiderat
1113 1139 1333 1208 Bethlemidis
1353 1142 1491 1208 antrum

430 1262 738 1350 Parthenidemque
761 1263 952 1349 Senemque
974 1266 1010 1330 et
1032 1281 1112 1330 mox
1134 1263 1295 1332 vitalibus
1316 1265 1409 1332 auris

323 1390 388 1456 465
433 1390 637 1458 vescentem
658 1390 824 1456 Gnatum:
850 1390 909 1456 bos
931 1387 1020 1470 hinc,
1045 1388 1124 1455 hinc
1146 1391 1260 1458 stabat
1280 1390 1404 1458 asellus

433 1513 639 1599 Frigidulum
661 1512 697 1578 in
720 1511 827 1598 paleis
848 1531 957 1597 prona
979 1512 1113 1580 cervice
1136 1513 1309 1596 foventem

298 1711 300 1718 ,
433 1641 656 1724 Pastoresque
677 1637 836 1723 magique
858 1635 978 1705 adsciti
999 1637 1090 1706 dona
1112 1638 1285 1722 terebant,

433 1768 517 1831 Tum
540 1761 710 1847 Solymum
731 1780 835 1851 prope
858 1761 1064 1847 conspicitur
1086 1763 1237 1831 calvaria
1259 1782 1376 1850 rupes,

433 1889 662 1972 Horrendum,
684 1888 946 1975 infandumque!
972 1906 1089 1957 cruces
1111 1890 1146 1956 in
1172 1890 1300 1959 vertice
1323 1891 1462 1972 ternae,

326 2018 388 2083 470
434 2016 476 2082 Et
497 2014 607 2082 medio
629 2013 761 2082 exuviis
783 2013 981 2082 mortalibus
1002 2013 1254 2099 omnipotentis

435 2139 620 2226 Progenies
641 2140 814 2208 terebrata
834 2139 927 2206 rubis
948 2139 1134 2225 attritaque
1158 2137 1272 2224 flagris

434 2267 524 2334 Proh
546 2265 655 2334 dolor!
681 2269 715 2333 et
736 2263 872 2334 discissa
894 2265 1036 2332 immani
1058 2267 1176 2350 pectus
1198 2265 1302 2332 hiatu.

434 2390 519 2468 Quid
543 2393 659 2458 tamen
682 2391 884 2457 immensum
908 2390 1043 2475 prodest
1064 2389 1195 2456 scelusl
1217 2391 1336 2456 arbore
1360 2390 1403 2457 ab
1426 2389 1498 2476 ipsa

434 2515 581 2602 Eripitur
603 2513 713 2600 gemm
735 2531 836 2581 omne
860 2514 936 2580 neci
959 2515 996 2581 et
1017 2517 1189 2581 reseratur
1211 2514 1374 2599 olympus.

327 2645 391 2710 475
434 2642 593 2711 cernitur
614 2640 693 2709 inde
717 2640 809 2708 Petri
832 2640 942 2725 sedes,
966 2641 1135 2709 immobile
1158 2658 1289 2721 saxum,
1364 2635 1368 2646 '

435 2769 669 2853 Immanesque
693 2765 811 2833 furunt
833 2765 959 2833 circum
981 2766 1056 2832 sine
1079 2784 1173 2834 more
1195 2766 1364 2852 procellae

435 2892 624 2973 Incassum,
648 2890 759 2977 pelagi
782 2889 928 2957 tumidas
949 2907 1030 2957 nam
1053 2889 1194 2976 despicit
1215 2890 1292 2956 iras.

436 3015 592 3100 Pingitur
615 3015 778 3083 extremis
800 3015 888 3102 quod
909 3015 976 3083 erit
998 3016 1134 3084 crudele
1158 3016 1276 3084 diebus

438 3141 567 3208 Bellum
590 3142 732 3228 ingens,
756 3142 845 3208 vires
867 3157 970 3226 quum
993 3143 1098 3209 Satan
1120 3142 1240 3209 exeret
1262 3159 1381 3208 omnes

329 3270 393 3334 480
437 3265 590 3350 invidae,
614 3267 782 3335 exardens
803 3267 889 3351 odio,
912 3266 1150 3352 implacabilis
1172 3271 1270 3335 atrox

437 3393 563 3458 insana
586 3389 727 3474 effingat
748 3391 892 3458 similem
915 3391 977 3457 sibi
1000 3393 1115 3458 mente
1139 3393 1342 3476 tyrannum,

440 3511 503 3588 Qui
525 3531 640 3596 mare,
663 3515 721 3599 qui
743 3516 868 3596 terras,
892 3514 951 3601 qui
972 3513 1123 3581 cladibus
1144 3513 1261 3581 omnia
1284 3514 1412 3581 miscet.

437 3638 607 3707 Sternitur
628 3643 666 3707 at
687 3641 844 3707 endem:
867 3641 1059 3708 extremum
1074 3639 1136 3707 hoc
1152 3657 1196 3706 ex
1211 3640 1307 3706 hoste
1323 3641 1508 3725 tropaeum

439 3769 508 3836 Has
529 3786 590 3853 per
612 3767 711 3851 signa
732 3769 871 3854 stupent
892 3767 1039 3853 palmas,
1063 3767 1284 3854 mirandaque
1308 3767 1399 3836 lacta

331 3899 395 3964 485
439 3897 552 3984 Ignari
577 3915 689 3964 rerum
712 3897 805 3965 cives
827 3896 934 3964 felicis
955 3897 1100 3983 olympi:

439 4023 482 4089 Et
502 4022 560 4108 qui
582 4021 715 4108 decepti
738 4021 849 4090 verbis
870 4025 907 4091 et
930 4021 1048 4090 fraude
1071 4021 1213 4090 rebelles

440 4148 616 4234 Ancipites
637 4149 779 4217 haesere
802 4149 911 4234 prins,
936 4150 1017 4216 data
1038 4148 1137 4234 signa
1158 4153 1355 4236 sequuntur.

442 4276 469 4342 O
492 4275 623 4342 utinam
645 4276 778 4342 starent
799 4275 932 4342 omnes!
958 4276 1074 4343 tamen
1096 4275 1234 4360 agmine
1257 4275 1347 4344 facto

443 4400 615 4470 Innumeri
638 4403 785 4469 subeunt
805 4401 904 4469 aulae
928 4400 1083 4468 caelestis
1104 4399 1251 4483 alumni,
