3472 5360
638 517 750 570 urana
773 517 952 570 suovunvs
1341 501 1401 566 185

300 651 540 738 incertumque
563 667 773 737 vagumque,
796 651 884 719 lovis
904 648 964 718 sed
986 647 1128 716 numine
1152 646 1313 726 modom,

300 775 381 841 Post
402 773 595 842 exantlatos
617 775 776 861 terraque
798 775 951 861 marique
974 773 1125 857 labores,

301 898 434 986 Excipit
453 899 611 968 attritum
633 899 869 986 defossumque
893 899 1027 986 hospita
1049 898 1166 966 Roma.

216 1024 258 1088 45
300 1023 394 1092 Felix
416 1023 543 1094 Roma!
567 1023 635 1094 tuis
657 1041 749 1093 nunc
770 1023 956 1114 grandibus
977 1027 1080 1093 aucta
1101 1021 1256 1103 coronis,

303 1151 410 1225 Quam
433 1151 524 1238 regio
543 1151 683 1238 imperio
705 1152 819 1238 pacis,
845 1150 966 1220 tutaris
986 1153 1023 1219 et
1043 1149 1157 1218 armis

301 1275 363 1344 Sed
386 1275 466 1363 quid
487 1276 579 1366 agot
604 1277 730 1363 premit
751 1275 809 1345 ille
833 1276 952 1346 eadem
975 1274 1121 1360 vestigia
1142 1276 1179 1344 et
1199 1272 1271 1343 acri

305 1402 496 1470 insectatur
515 1402 625 1470 adbuc
647 1401 744 1472 odic:
768 1403 828 1486 tu,
852 1401 1001 1471 maxime
1023 1401 1203 1487 princeps,
1258 1479 1262 1490 ³

305 1527 355 1593 Tu
377 1524 459 1593 mihi
481 1527 527 1596 sis
549 1544 698 1611 numen,
722 1544 786 1595 nec
809 1544 863 1595 me
886 1526 1027 1614 patiaris
1049 1525 1216 1609 inultum,

216 1651 259 1716 50
303 1650 457 1738 Namque
479 1653 584 1739 potes.
608 1651 700 1720 Simo
720 1651 871 1738 loquitur
891 1651 973 1720 dum
994 1651 1100 1733 talia,
1125 1650 1216 1734 regis

304 1777 408 1843 Tecta
429 1775 615 1860 Tigellinus
635 1775 746 1859 subit,
773 1777 809 1844 et
831 1793 944 1846 comes
966 1775 1083 1845 Aelius
1104 1773 1163 1844 olli

304 1902 413 1986 Atque
435 1917 505 1970 una
527 1900 624 1969 vater
646 1899 704 1969 ille
727 1901 833 1970 animi
857 1900 1050 1986 Polycletus
1078 1899 1195 1986 iniqui.

304 2025 457 2094 Caesaris
478 2026 513 2092 bi
535 2025 714 2094 stimulant
736 2027 824 2110 iras,
847 2026 1044 2112 probrisque
1067 2025 1254 2111 gravantes

305 2155 444 2220 Petrum
467 2156 504 2220 et
525 2153 778 2240 christigenae,
801 2157 929 2222 acuunt
952 2154 1026 2223 tera
1047 2153 1151 2222 eorda
1166 2151 1322 2238 tyranni.

216 2278 260 2342 ab
304 2278 374 2346 Hoc
397 2280 493 2361 erat,
518 2298 539 2348 o
561 2279 735 2365 princeps,
758 2279 874 2362 aiunt,
897 2279 986 2364 quod
1007 2279 1107 2346 tanta
1129 2277 1266 2364 quietae

306 2402 432 2470 Seditic
454 2403 542 2488 plebi
566 2405 703 2472 nostrae
736 2403 949 2490 impenderet
971 2405 1008 2472 et
1036 2402 1132 2470 nrbi:

165 2557 169 2568 ·
309 2527 394 2595 Hinc
418 2530 455 2594 tu
476 2528 683 2616 praecipitas
704 2527 871 2611 reditum,
895 2529 1071 2614 subitoque
1094 2527 1266 2612 triumpho

308 2653 419 2720 Gestit
440 2653 548 2722 Roma
569 2671 667 2722 suum
688 2653 850 2741 amplecti
877 2655 1077 2741 patremque
1101 2651 1278 2738 deumque.

307 2775 394 2842 Nam
417 2774 521 2844 vilem
543 2791 630 2861 quae
651 2779 746 2844 secta
767 2777 888 2844 ducem
912 2777 1122 2858 veneratur,
1145 2773 1228 2842 Iuda

219 2901 262 2964 00
307 2901 538 2984 pagnanum,
571 2899 721 2986 cepham
743 2900 890 2987 galilaeo
913 2901 1052 2969 nomine
1075 2899 1213 2979 dicunt,

307 2995 515 3112 irrequieta,
540 3024 689 3093 fremens
717 3025 852 3112 agitur,
887 3026 1071 3113 renuitque
1094 3023 1236 3100 Quirino

310 3149 459 3218 Subdore
481 3152 632 3220 ceruices
653 3153 690 3220 et
712 3151 832 3219 miscet
853 3151 978 3220 cuncta
1000 3149 1157 3217 tumultu.

310 3273 468 3342 Claudius
489 3275 579 3344 hanc
601 3278 733 3362 pestem
756 3276 922 3344 nostrisa
944 3274 1071 3342 finibus
1093 3272 1174 3342 olim

311 3397 439 3484 Expalli
462 3398 578 3482 iussit,
610 3401 670 3470 sad
690 3419 776 3488 opus
798 3400 931 3468 ferrove
954 3396 1010 3466 vel
1030 3398 1122 3484 igne.

222 3525 266 3590 65
312 3523 402 3590 Haec
425 3526 501 3606 tua,
525 3541 652 3611 magne
675 3527 783 3611 Nero,
806 3543 861 3593 res
883 3527 953 3607 est;
976 3523 1009 3590 id
1032 3522 1175 3591 numina
1192 3525 1342 3607 poscunt.

310 3647 370 3716 His
391 3649 481 3718 Nero
502 3668 683 3720 succensus
706 3651 841 3736 tremit,
864 3653 903 3719 at
922 3651 1082 3738 graviora
1105 3649 1238 3718 volutat

313 3775 494 3860 Immanis,
516 3775 699 3864 paucisque
721 3777 830 3846 animi
851 3781 985 3848 secreta
1007 3774 1170 3844 recludit:

312 3897 456 3981 Audite,
490 3918 510 3967 ο
532 3903 646 3970 vestro
667 3900 829 3970 fidissima
849 3904 989 3988 pectora
1010 3902 1105 3986 regi,

313 4025 506 4109 Arcanum,
528 4026 617 4114 quod
638 4029 755 4098 mente
777 4029 892 4113 emto,
921 4027 1073 4114 nullique
1096 4028 1259 4113 patescat.

224 4149 267 4213 70
311 4149 501 4234 Augustam
524 4153 743 4240 veteremque
767 4153 891 4222 Urbem
912 4151 1119 4220 succendere
1144 4147 1304 4230 dammis,

314 4273 358 4340 Ut
380 4291 472 4342 noua
492 4276 529 4342 et
550 4277 701 4362 aggestis
723 4279 874 4363 exurgat
893 4276 1011 4364 pulcra
1032 4274 1159 4358 ruinis,

313 4398 458 4466 Nomine
480 4398 575 4467 clara
596 4417 693 4485 mec,
728 4401 923 4469 iamdudum
945 4399 1046 4468 corde
1068 4398 1216 4466 revolvo.

312 4525 421 4608 Ergo,
444 4522 529 4608 viri,
552 4526 684 4593 uosmet
707 4525 841 4612 magnis
863 4522 1032 4592 intendite
1054 4522 1202 4608 coeptis,
