3564 5376
334 457 376 522 24
808 463 1069 516 urcuauuurnos

444 597 588 682 Ingenio
609 595 765 682 quisnam
787 592 898 680 potior
919 591 1083 678 donisque
1104 591 1280 676 supernis?

369 743 371 748 ·
436 721 580 789 ¹Siderea
602 719 758 806 quisnam
780 717 893 784 luerat
913 715 969 783 vel
992 715 1154 800 grandior
1176 715 1276 783 aulai

444 842 611 911 infandae
633 841 715 908 heu!
740 837 845 908 cladis
866 840 984 906 tamen
1006 837 1255 922 ingratissimus
1277 840 1405 906 auctor.

333 971 399 1037 525
442 969 527 1046 Quid
550 985 736 1036 memorem
757 965 950 1052 primosque
966 962 1068 1032 duces
1082 964 1271 1049 densasque
1291 964 1502 1048 phalangesl

442 1094 570 1172 Quidve
593 1094 662 1161 iras
683 1109 829 1160 caecove
852 1089 1023 1159 tumentia
1043 1087 1147 1158 corda
1168 1088 1302 1157 tirrorel

442 1219 505 1287 Hic
528 1220 619 1286 larus
640 1217 784 1303 erigitur
806 1215 929 1296 Belial,
953 1214 1032 1282 dein
1056 1213 1153 1281 fortis
1174 1214 1361 1297 Abaddon,

444 1347 486 1411 Et
508 1340 696 1410 Behemoth
718 1343 841 1426 iugens
863 1343 899 1407 et
921 1337 1073 1407 sordidus
1095 1339 1319 1421 Asmodaeus3

445 1467 588 1535 Immitis
610 1465 712 1547 Baal,
735 1465 808 1532 diro
831 1481 964 1550 quoque
988 1465 1123 1548 pectore
1146 1463 1296 1544 seddim,

331 1592 398 1658 530
441 1589 567 1658 Edrani
590 1591 626 1657 et
648 1587 791 1656 Schirim
814 1589 850 1654 et
873 1587 1024 1669 samael,
1049 1587 1211 1657 immania
1234 1591 1348 1658 monst
1366 1608 1396 1657 1.

528 1715 667 1782 Interea
687 1715 779 1780 totus
801 1711 937 1796 magnis
958 1710 1160 1781 clamoribus
1181 1713 1301 1782 aether

441 1842 602 1924 insonat,
622 1839 895 1924 horrendumque
918 1855 1038 1905 sonum
1061 1838 1146 1906 dant
1168 1839 1309 1908 classica
1328 1843 1466 1910 circum.

384 2021 389 2028 .
441 1965 611 2035 Continuo
634 1965 753 2032 laevae
775 1963 882 2050 partis
904 1963 973 2030 dux
994 1962 1124 2048 primus
1146 1939 1310 2034 abaddon

442 2090 562 2158 Audax
584 2089 621 2156 in
643 2067 925 2156 Gabriel‘hestile
949 2087 1121 2175 intorquet
1144 2092 1181 2158 et
1202 2089 1294 2158 iniit:

331 2217 397 2283 535
441 2214 550 2283 Oblite
573 2233 594 2282 o
617 2213 815 2300 decorisque
838 2213 889 2281 tui
912 2212 1107 2299 decorisque
1131 2216 1283 2298 tuorum,

442 2340 505 2417 Qui
528 2341 626 2407 tanto
648 2339 778 2425 raperis
799 2338 936 2406 divinae
960 2338 1068 2406 Prolis
1090 2357 1223 2422 amore,

441 2468 533 2534 Haec
555 2465 727 2550 quondam
750 2467 842 2546 tuus,
866 2464 971 2533 hostis
992 2464 1052 2532 sed
1074 2465 1173 2533 modo
1197 2467 1304 2534 mittit
1326 2468 1506 2552 Abaddon3

441 2595 533 2660 Haec
554 2609 688 2678 quoque
711 2593 749 2657 tu
770 2588 909 2658 1111111.
933 2589 986 2656 Sic
1011 2590 1100 2658 latus
1122 2591 1249 2659 viribus
1272 2595 1404 2662 hastam

417 2730 420 2736 ·
442 2717 563 2786 iniecit
584 2716 681 2785 totis:
705 2716 811 2783 ictum
833 2715 893 2782 sed
916 2715 1064 2801 reppulit
1085 2719 1196 2785 umbo.

332 2846 398 2911 510
444 2845 488 2910 Ut
511 2845 614 2911 noctu
636 2841 764 2910 nebula
785 2859 888 2927 quum
912 2841 1195 2911 circumfunditur
1217 2863 1361 2931 aequor,

400 3007 408 3020 ·
441 2968 474 3036 Si
497 2967 655 3054 geminae
680 2985 815 3035 cursum
838 2967 1111 3044 navesadversa
1134 2972 1310 3054 1111111111,

440 3096 647 3176 Occurrunt,
671 3092 796 3178 rapidis
818 3095 960 3161 tranant
981 3093 1062 3160 dum
1085 3112 1255 3164 marmora
1277 3097 1378 3179 velis,

440 3219 597 3287 Horribili
619 3217 734 3286 souitu
755 3217 944 3301 colliditur,
968 3221 1005 3286 et
1027 3217 1142 3304 fragor
1164 3219 1288 3305 iugens

439 3346 494 3413 Fit
517 3347 615 3414 lateri
638 3344 737 3425 ratis,
761 3343 841 3412 hinc
864 3346 900 3411 at
922 3344 1054 3413 viscera
1076 3363 1171 3414 cassa
1192 3347 1384 3418 dehiscunt:

329 3475 394 3542 545
439 3473 492 3542 Sic
514 3473 552 3538 in
576 3471 664 3538 bella
686 3469 788 3538 duces
809 3471 919 3552 ambo,
943 3471 990 3538 sic
1013 3471 1149 3542 ausibus
1169 3475 1296 3559 aequis.

439 3599 501 3667 Sed
525 3597 661 3666 Gabriel
684 3599 823 3666 contra:
855 3598 1033 3674 Quaenam
1055 3600 1229 3669 dementia
1251 3602 1343 3687 cepit

442 3727 487 3790 Te
510 3721 691 3790 miserum?
714 3724 890 3800 Quaenam
912 3725 1049 3811 torquet
1070 3742 1200 3793 vesana
1221 3728 1363 3812 cupido?

440 3849 570 3926 Quidve
592 3849 718 3917 audesl
741 3868 828 3936 quae
851 3850 951 3936 signa
974 3851 1110 3918 movesl
1133 3851 1182 3918 sic
1204 3854 1304 3921 corde
1328 3857 1466 3924 recessit

346 3951 349 3958 λ
438 3973 614 4042 Officiuml
638 3972 766 4042 duxere
788 3975 903 4042 animo
925 3976 973 4044 sic
995 3976 1085 4044 dona
1107 3977 1284 4046 Potentist

329 4103 395 4168 550
440 4099 580 4169 lnlelix!
605 4102 698 4169 Haec
721 4101 813 4169 dicta
834 4102 955 4186 dabat,
979 4101 1078 4170 simul
1102 4121 1184 4171 11111
1207 4109 1383 4190 premebat

439 4226 615 4295 Fulmineo
639 4225 827 4310 lugientem
850 4227 1038 4314 insanoque
1062 4247 1120 4297 ore
1143 4230 1344 4300 minantem.
1439 4251 1447 4266 ·

440 4354 542 4420 Parte
566 4351 634 4419 alie
656 4369 784 4437 magno
806 4356 972 4422 conantes
993 4353 1120 4440 impete
1144 4358 1274 4424 turmas

438 4477 644 4563 aggreditur
667 4478 839 4564 1111111111,
863 4479 981 4548 stricto
1005 4499 1166 4550 mucrone
1188 4487 1376 4570 sequuntur
