3560 5368
736 775 968 862 ununln
1003 773 1068 856 IV

379 1089 434 1154 DE
455 1086 591 1152 Minis
610 1085 657 1150 IN
677 1084 899 1153 OGOVRSVM
923 1083 1018 1152 Insv
1039 1083 1207 1151 ORVCEM
1228 1083 1431 1150 nunnuuis

824 1397 992 1426 ..-7——

409 2401 550 2471 Horrida
572 2401 647 2487 quis
669 2399 796 2467 reserat
817 2399 911 2468 dirae
931 2398 1127 2486 spectacula
1147 2416 1309 2485 pompae,

493 2527 586 2603 Quae
609 2524 753 2610 Solymis
774 2526 907 2592 nostros
929 2524 1077 2592 volvitur
1097 2527 1181 2593 ante
1202 2524 1340 2592 oculcsl

406 2651 541 2718 Cornua
561 2651 629 2718 iam
652 2649 838 2734 clangunt,
860 2652 1005 2735 apparet
1027 2648 1168 2718 lunebrc
1190 2648 1343 2734 signum,

492 2775 669 2863 Turbaque
693 2775 891 2844 carnificum
911 2775 1057 2862 plurima
1079 2793 1167 2861 pone
1190 2775 1289 2844 subit.

339 2903 360 2964 5
404 2898 490 2968 Nudi
513 2901 684 2981 membra,
708 2897 797 2966 utus
818 2900 953 2966 tantm
975 2899 1130 2966 cinctura
1151 2898 1318 2981 revincit,

495 3023 644 3092 Terrillci
668 3023 801 3106 vultus,
825 3041 946 3092 caecus
967 3024 1004 3090 in
1027 3040 1085 3091 ore
1111 3021 1210 3090 tiron.

407 3150 553 3236 Quisque
576 3167 679 3217 manu
702 3149 853 3234 praefert
874 3151 957 3235 quot
977 3153 1059 3216 sunt
1081 3148 1202 3218 leralia
1225 3149 1362 3217 mortis:

494 3275 588 3344 Eheu
610 3273 737 3342 crudeli
761 3263 851 3341 mcr's
872 3274 1086 3361 properanda
1107 3275 1228 3344 cruce!

408 3404 448 3468 ut
470 3399 570 3467 cunei
599 3401 635 3467 et
658 3399 756 3468 lunes
777 3401 814 3468 et
835 3402 938 3469 acuta
958 3400 1094 3487 cuspide
1117 3400 1222 3484 clavi,

321 3529 360 3593 10
493 3525 626 3608 Malloi,
650 3528 686 3594 et
707 3525 862 3594 immixto
884 3525 1005 3611 poeula
1028 3526 1107 3596 felle
1131 3527 1225 3596 rneri.

406 3652 606 3738 Inscriptnm
630 3650 764 3720 tabulae
788 3650 924 3719 titulum
946 3652 1037 3737 gerit
1056 3652 1113 3721 ille
1138 3653 1351 3740 trilinguem,

493 3779 560 3846 Iste
580 3777 671 3863 gerit
693 3776 803 3852 scalas
824 3779 861 3846 et
880 3778 971 3864 gerit
992 3778 1056 3846 istc
1078 3779 1187 3848 sudes.

404 3903 596 3991 Insequitur
618 3921 760 3972 romana
782 3903 921 3988 enham,
944 3904 1086 3989 indigna
1111 3906 1299 3992 triumpho,

491 4033 698 4116 insonsque
723 4029 808 4097 tristi
831 4029 983 4115 perditur
1005 4029 1142 4099 invidia.

321 4159 360 4222 15
405 4156 485 4223 Inde
508 4156 611 4241 atque
633 4151 712 4220 inde
735 4151 842 4232 latro,
867 4153 1022 4220 manibus
1043 4158 1118 4240 post
1141 4154 1236 4239 ligna
1259 4153 1437 4237 revinctis,
1464 4197 1473 4217 .

492 4279 688 4347 Succinctus
711 4278 834 4346 tunicis
857 4296 944 4346 unus
966 4281 1002 4346 et
1023 4277 1111 4346 alter
1137 4279 1219 4347 adit.

405 4405 584 4474 infandum
607 4403 709 4472 nimis
731 4405 797 4472 heu
819 4405 856 4471 et
878 4402 1097 4473 lamentabile
1121 4403 1215 4472 visu!

492 4529 635 4604 Incertis
655 4527 806 4597 Christus
828 4529 978 4614 panibus
999 4527 1080 4626 hinc
1101 4528 1275 4614 graditur:
