3560 5368
685 524 796 576 hisnu
820 523 972 576 Titurius

329 657 379 724 Tu
400 654 523 722 misero
545 651 665 736 generi
688 653 805 718 certae
827 668 904 735 spes
926 668 995 719 una
1016 650 1157 730 salutis;

231 847 236 859 ,
329 781 378 846 Tu
400 776 483 844 mihi
505 773 720 862 perfugium,
742 772 883 842 tandem
907 776 944 840 tu
968 776 1061 841 mela
1085 773 1247 841 laborum.

329 902 410 978 Quis
430 899 514 968 mihi
538 901 656 968 tantus
676 897 784 966 honos
805 900 844 965 ut
866 896 987 965 eadem
1010 900 1102 965 sorte
1126 896 1279 982 Magistri

330 1024 515 1094 Perfruart
538 1022 572 1090 id
594 1022 715 1091 saltem
738 1039 802 1090 nos
822 1022 867 1089 sit
889 1019 1092 1088 discriminis
1113 1019 1205 1087 inter

218 1155 283 1218 555
328 1153 460 1232 Unum,
484 1166 560 1231 oro,
585 1148 713 1227 tortor,
737 1144 890 1213 revoluto
913 1147 952 1212 ut
973 1144 1101 1212 vertice
1125 1143 1221 1230 dgar.

415 1272 507 1340 Haec
530 1268 646 1338 dicens
668 1268 740 1335 ibat
760 1267 858 1335 drmo
880 1265 987 1353 pede3
1011 1267 1147 1353 iamque
1171 1267 1311 1336 tenebat

329 1399 467 1464 Summa
489 1392 581 1478 iugi,
604 1394 707 1478 atque
729 1390 854 1458 ardens
874 1407 955 1457 caro
976 1391 1081 1470 dabat
1103 1391 1219 1459 oscula
1241 1394 1372 1460 trunco.

328 1523 412 1588 Tum
433 1519 581 1586 matrum
605 1515 757 1585 exoritur
777 1515 927 1601 gemitus
948 1515 1141 1601 clamorque
1167 1499 1336 1586 virorum:

327 1645 354 1710 0
378 1645 503 1724 Pater,
525 1659 546 1708 o
568 1641 709 1722 Pastor,
733 1638 890 1708 caelestis
911 1639 1070 1724 Claviger
1093 1640 1216 1723 aulae,

216 1771 282 1839 500
328 1771 375 1836 Te
397 1785 513 1850 serva,
538 1767 594 1848 to,
617 1781 765 1848 namque
789 1767 907 1850 potes,
931 1763 983 1831 his
1006 1764 1099 1849 eripe
1123 1766 1250 1852 poenis.

326 1892 411 1969 Quid
433 1892 507 1959 sine
529 1894 565 1958 te
589 1889 721 1957 miseris
742 1888 822 1973 det,
847 1891 951 1956 Pater
973 1888 1127 1975 optimet
1152 1893 1305 1958 nostrum

328 2020 378 2084 Tu
398 2017 467 2084 dux
489 2019 592 2102 atque
627 2032 756 2101 auspex
785 2016 953 2100 rebusque
975 2015 1134 2084 levamen
1157 2016 1192 2082 in
1215 2017 1339 2085 arctis:

328 2144 486 2224 sicma,
509 2141 558 2209 sic
579 2158 712 2227 pressos
733 2158 894 2208 curarum
916 2140 1005 2209 mole
1028 2140 1217 2226 relinquis?

327 2267 461 2336 Talibus
483 2267 629 2336 orabant
650 2266 750 2334 dictis
771 2265 936 2352 fletusque
958 2267 1097 2335 ciebant
1104 2283 1113 2348 3

217 2396 283 2464 565
326 2393 552 2462 christiadum
574 2392 709 2478 ingenti
733 2391 844 2461 servet
865 2392 923 2478 pia
945 2392 1045 2460 turba
1068 2392 1217 2460 tumultu

326 2521 369 2586 Et
392 2518 491 2587 facile
513 2517 686 2586 insontem
709 2519 809 2584 morti
832 2516 1016 2603 rapuisset;
1049 2519 1087 2585 at
1110 2517 1167 2586 ille

325 2646 488 2713 Obsecrat
510 2647 665 2713 exortem
687 2661 732 2710 ne
755 2661 790 2712 se
815 2643 900 2712 velit
921 2661 994 2712 esse
1016 2643 1189 2730 triumphi.

403 2773 487 2839 Tum
499 2772 603 2838 Pater
614 2769 838 2856 omnipotens,
851 2769 1033 2857 divumque
1048 2770 1289 2857 hominumque
1302 2771 1451 2854 Creator,

327 2897 516 2966 Concilium
538 2897 624 2965 caeli
647 2899 747 2965 vocat
770 2913 889 2978 omne,
913 2913 933 2963 e
955 2895 1089 2964 sedibus
1110 2895 1190 2964 altis

216 3028 282 3093 570
326 3024 515 3093 Ianiculum
538 3025 707 3091 monstrat
728 3023 983 3109 spirantemque
1006 3026 1128 3093 arbore
1150 3026 1310 3104 Petrum,

327 3151 391 3228 Qui
413 3150 494 3220 licet
516 3149 637 3218 affixus
660 3167 758 3218 versa
779 3150 933 3235 cervice,
958 3149 1109 3236 Magistri

330 3277 447 3362 Pergit
468 3277 563 3344 obire
585 3277 678 3344 vices
699 3295 883 3364 curamque
906 3277 1043 3364 explere
1066 3277 1238 3364 docendo,

328 3407 509 3472 Immemor
531 3404 602 3490 ipse
624 3403 675 3472 sui
699 3421 896 3491 poenaeque
920 3405 1043 3472 oblitus
1065 3405 1218 3474 acerbae.

327 3529 535 3598 Christiadae
557 3547 676 3598 vocem
696 3529 804 3598 'denso
825 3530 965 3616 agmine
987 3530 1248 3601 circumstantes

219 3659 284 3725 575
330 3657 421 3724 Aure
445 3657 565 3724 bibunt
586 3656 707 3739 avida;
729 3656 789 3725 sed
812 3656 908 3742 largo
930 3655 1070 3725 flumine
1092 3659 1232 3745 sanguis

328 3781 443 3848 Effluit
464 3779 598 3850 interea
619 3784 800 3851 terebratis
821 3782 958 3868 cuspide
981 3782 1127 3868 plantis,

328 3908 464 3976 Defiunt
486 3907 596 3994 vires,
621 3909 729 3995 pallor
750 3908 955 3976 suffunditur
976 3927 1057 3991 ore,

328 4038 404 4104 Vox
426 4034 568 4118 haeret,
593 4053 755 4122 magnam
776 4035 936 4104 morienti
959 4035 1087 4104 lumine
1111 4038 1252 4105 &mam

329 4161 459 4247 Aspicit
480 4163 691 4230 extremum:
714 4179 776 4248 pro
798 4165 854 4246 te,
877 4179 955 4229 mea
977 4163 1105 4246 Roma,
1129 4163 1294 4248 supremis

218 4291 284 4357 580
325 4263 457 4356 Exorat
478 4288 615 4356 Patrem
638 4287 815 4372 precibus3
838 4287 917 4355 dein
940 4289 1077 4374 pectem
1100 4289 1193 4369 toto,

328 4413 399 4481 Oh!
423 4412 554 4481 Christe
571 4412 659 4480 hanc
681 4412 833 4480 animam
848 4414 998 4496 tandem,
1016 4431 1145 4498 precor,
1166 4413 1296 4499 excipe,
1312 4415 1447 4481 clamat.

328 4541 488 4608 Dixerat:
512 4537 640 4625 aligeri
662 4539 847 4608 volitantes
869 4541 989 4608 robora
1011 4539 1137 4606 circum

1297 4687 1324 4732 a
