3560 5368
340 489 405 555 242
821 501 1095 554 enaraamonos

340 633 406 697 325
451 631 624 698 Presserat
646 628 839 710 Hebraeos,
862 629 1052 714 multosque
1076 631 1273 696 sacraverat
1294 646 1392 697 orco:

450 756 534 821 Tum
559 751 661 821 lestos
682 768 850 819 renovare
871 751 964 834 dies,
995 754 1069 819 tum
1092 753 1222 838 templa
1244 754 1359 822 subire

450 877 550 945 Plebs
571 874 739 958 iucunda,
762 877 831 944 Deo
855 876 995 944 meritas
1017 878 1054 944 et
1075 875 1208 944 solvere
1231 879 1358 961 grates

449 1005 541 1070 Haec
562 1001 619 1069 ubi
643 1000 800 1083 rescivit,
824 999 942 1068 rabida
963 1019 1025 1068 rex
1047 1004 1184 1069 aestuat
1204 1001 1278 1085 ira,

450 1129 545 1195 Iurat
566 1129 602 1193 et
625 1123 739 1192 ulcisci
752 1095 921 1193 r'Celeres
943 1125 1023 1193 date
1047 1124 1139 1209 tela,
1164 1127 1331 1212 ministri,

339 1255 404 1322 330
450 1252 637 1334 Inclamat,
662 1267 758 1317 mora
780 1248 894 1332 nulla,
918 1248 1042 1318 animis
1063 1253 1221 1321 evertere
1241 1256 1384 1338 gentem

360 1380 363 1391 '
449 1377 525 1444 Stat
547 1375 667 1458 Iudae,
691 1375 826 1458 magnis
847 1373 1000 1460 Solymos
1021 1393 1172 1461 aequare
1196 1379 1312 1446 ruinis

449 1502 501 1570 Sic
524 1501 594 1570 ait:
617 1499 790 1584 extemplo
812 1500 985 1584 Syriarum
1007 1501 1179 1569 exercitus
1201 1505 1312 1572 omnis

450 1627 653 1706 instruitur,
677 1623 873 1711 peditesque
896 1625 991 1694 leves
1013 1627 1233 1714 equitumque
1261 1633 1423 1700 catervae

453 1750 626 1820 Invadunt
647 1751 786 1817 urbem:
809 1748 930 1817 infelix
952 1749 1034 1835 quid
1056 1755 1169 1836 posset
1191 1754 1317 1820 Iacobl

343 1881 409 1946 335
454 1849 578 1945 Luctus
600 1876 744 1961 ubique,
767 1893 895 1961 pavor,
921 1873 1025 1942 facies
1047 1877 1084 1942 et
1106 1877 1253 1962 plurima
1274 1878 1345 1946 leti.

454 2007 527 2072 Heu
550 2000 768 2071 venerandae
791 2003 909 2082 aedes,
935 2004 1069 2070 sacrata
1091 2002 1158 2071 heu
1181 2003 1321 2071 limina!
1355 2004 1457 2073 lando

452 2115 532 2208 Quis
554 2147 748 2198 memorans
770 2147 871 2198 ausus
894 2131 1107 2215 obscenaque
1130 2129 1274 2198 crimina
1297 2131 1412 2215 gentis

453 2261 634 2343 Temperet
655 2275 678 2324 a
700 2255 806 2324 lietu?
828 2254 991 2324 Prohibes
1013 2274 1074 2323 cur
1096 2255 1242 2324 nubibus
1263 2256 1380 2341 ignee,

452 2387 577 2470 Magne
600 2381 712 2449 Densi
734 2382 950 2468 propriumne
972 2382 1110 2448 domum
1133 2381 1274 2468 patieris
1295 2381 1465 2449 inullaml

344 2511 409 2576 340
455 2509 503 2576 Et·
519 2507 580 2576 tibi
603 2524 690 2593 quae
712 2506 774 2574 soli
797 2507 866 2574 iam
889 2505 1035 2592 tingitur
1057 2524 1118 2575 ara
1140 2525 1260 2575 cruore

454 2634 714 2718 Haedorumque
739 2635 927 2718 boumque,
950 2631 1040 2700 lovis
1061 2633 1246 2719 spectabile
1269 2635 1415 2721 signum,

456 2764 531 2829 lleu
552 2759 680 2827 scelus!
705 2757 852 2839 attollit,
875 2759 964 2844 quod
987 2759 1101 2845 turpia
1124 2761 1202 2827 tura
1226 2765 1403 2846 vaporant.

457 2888 572 2956 Uritur
595 2887 647 2954 his
668 2885 896 2954 Machabueus
917 2887 954 2952 et
976 2885 1044 2952 imo
1066 2885 1167 2954 corde
1190 2886 1322 2955 dolores

455 3015 572 3083 Tristis
593 3013 676 3095 ulit,
701 3011 787 3096 Syrii
809 3011 904 3096 leges
925 3029 1047 3080 exosus
1068 3013 1202 3099 iniquas

346 3148 412 3212 :llo
457 3141 583 3226 Effugit
605 3141 642 3208 et
663 3137 831 3225 patriam,
856 3139 892 3204 et
913 3155 988 3206 sese
1011 3136 1090 3206 altis
1111 3139 1281 3207 montibus
1302 3141 1406 3208 abdit·

457 3269 563 3354 Urget
585 3265 678 3334 enim
701 3267 838 3352 patrum
859 3264 987 3351 pietas,
1017 3265 1284 3352 venerandaque
1308 3269 1409 3336 Mosis

455 3398 548 3462 Iussa
571 3393 693 3460 tenent
714 3391 925 3476 suadentque
950 3409 1069 3459 omnes
1089 3392 1228 3461 subiisse
1253 3393 1393 3463 labores.

457 3517 521 3586 Sed
544 3515 644 3584 rediit
668 3515 777 3582 virtus
798 3515 943 3598 animis,
968 3517 1004 3583 et
1027 3517 1173 3583 Numine
1199 3517 1305 3586 fretus

457 3642 557 3711 ludas
578 3657 676 3708 arma
697 3643 816 3726 parat,
840 3641 1060 3725 quantumvis
1082 3641 1209 3728 viribus
1231 3643 1361 3727 impar:

346 3771 412 3837 350
456 3771 498 3836 Et
521 3767 615 3835 iavet
638 3744 883 3852 Omnipotens,
907 3765 1029 3834 volitat
1050 3767 1195 3836 victoria
1217 3767 1346 3854 palmis.

456 3898 550 3962 Tunc
574 3893 692 3977 ludas,
716 3896 924 3978 Pergamus,
947 3895 1017 3976 ait,
1041 3894 1278 3982 Solymamque
1301 3895 1472 3964 iacentem

458 4025 672 4103 lustremus,
697 4019 816 4106 patriis
839 4023 1003 4106 purgetur
1026 4020 1146 4088 ritibus
1166 4021 1278 4088 aedes.

457 4153 605 4217 assensu
628 4145 796 4214 fremuere
819 4163 958 4228 omues,
981 4164 1062 4214 nam
1085 4150 1225 4232 pectora
1248 4151 1353 4215 vexat

460 4273 646 4358 Religionis
667 4291 763 4340 amor
786 4273 924 4341 fervens
945 4275 981 4343 et
1003 4293 1086 4342 cura
1107 4292 1263 4344 suorum:

347 4401 413 4464 :355
458 4397 679 4482 desertasque
701 4399 842 4482 stupent
862 4397 960 4466 sedes
981 4401 1168 4484 urbemque
1192 4398 1367 4483 relictam,

459 4526 619 4591 Incensos
641 4523 767 4591 circum
791 4527 926 4608 pastae,
950 4523 1073 4592 altaria
1095 4525 1187 4592 cultu
