3564 5376
700 481 816 568 ursas
834 517 967 568 raruvs
1396 506 1439 570 27

339 642 507 710 Continuo
530 657 622 708 nnuc
644 643 797 708 monstra
818 643 945 727 gerunt
968 660 1028 727 pro
1051 642 1200 711 crinibus
1222 663 1373 729 angues,

341 765 482 851 Implexi
505 764 611 832 foedis
631 763 837 852 sinuantque
861 765 1034 832 volumina
1056 767 1188 851 caudis,

230 891 296 959 626
340 890 556 975 Membraque
577 890 787 975 praetexunt
810 889 897 957 villis
918 892 1021 976 atque
1046 890 1178 976 hispida
1198 892 1365 979 squamis:

341 1018 405 1084 Ore
429 1019 571 1084 vomunt
592 1015 707 1100 ignes,
729 1017 828 1102 ignes
849 1019 885 1085 et
907 1016 1036 1084 lumine
1058 1018 1198 1086 iactant.

341 1142 519 1228 Extemplo
540 1141 680 1209 miseros
702 1139 847 1210 dammis
868 1144 905 1210 et
926 1142 1086 1229 sulphure
1109 1163 1276 1229 magnus

342 1267 478 1352 Obtegit
499 1283 663 1350 oceanus
687 1266 903 1352 tenebrisque
926 1267 1090 1336 horrescit
1112 1269 1255 1338 obortis:

342 1393 434 1460 Colla
457 1409 643 1478 manusque
666 1393 837 1479 pedesque
859 1393 1018 1460 rubentia
1040 1393 1177 1461 vincula
1199 1394 1374 1479 stringunt
1381 1412 1390 1476 ;

231 1519 298 1585 625
341 1520 384 1586 ut
405 1517 511 1584 tantis
531 1536 609 1602 spes
631 1516 726 1585 nulla
748 1517 845 1584 malis
867 1516 984 1585 datur:
1008 1517 1082 1603 ipsa
1105 1517 1193 1603 [ugit
1215 1537 1321 1604 mors;

341 1646 505 1730 Ingentes
527 1643 688 1713 lacrimae
709 1645 890 1740 aeternum
912 1643 1138 1731 ingentesque
1161 1646 1325 1728 ululatus:

341 1769 545 1855 Supplicium
566 1768 717 1836 immane
740 1767 1028 1854 horrendumque,
1051 1771 1090 1837 at
1112 1769 1254 1838 crimine
1269 1770 1420 1856 dignum.

342 1895 412 1962 Hoc
435 1892 600 1960 mercedis
621 1891 750 1960 habent
772 1892 911 1978 ingrato
935 1893 1034 1960 corde
1058 1893 1218 1961 rebelles!

430 2017 588 2085 Dulcibus
609 2016 743 2085 interea
765 2019 904 2084 resonat
926 2018 1147 2086 concentibus
1168 2019 1307 2087 aether:

232 2144 298 2210 630
343 2141 474 2222 Gloria,
501 2159 626 2227 magne
648 2141 709 2208 tibi
731 2143 845 2224 Pater,
868 2145 973 2228 atque
997 2143 1126 2211 invicta
1148 2145 1320 2227 Potestne,

345 2269 502 2353 Regnum
525 2268 584 2334 uni
607 2265 684 2350 tibi,
708 2268 845 2334 nostrae
869 2265 958 2334 haud
981 2266 1067 2336 haec
1089 2268 1233 2336 victoria
1255 2269 1414 2349 dextrae;

344 2393 408 2460 Sed
430 2395 507 2476 tua,
530 2392 589 2460 sed
612 2391 721 2458 virtus
743 2390 848 2457 divini
871 2391 1048 2476 sanguinis
1070 2392 1171 2476 Agni.

432 2517 485 2585 Sic
508 2517 598 2586 latus
620 2516 786 2600 Michael,
810 2515 904 2584 clara
925 2534 961 2585 se
985 2507 1075 2586 nube
1098 2518 1261 2587 recondit.
1366 2491 1381 2512 ⁰

346 2645 399 2712 Ah
422 2662 487 2730 quo
510 2646 544 2711 te
569 2643 679 2729 rapiet
702 2643 824 2712 erectis
846 2643 1050 2712 Laurentius
1073 2643 1162 2711 ulnis

236 2773 302 2838 635
346 2768 549 2855 Insequitur,
575 2765 655 2853 quid
677 2784 733 2834 me
754 2766 862 2834 solum
884 2767 949 2849 sic,
973 2767 1073 2850 Dive,
1096 2767 1281 2853 relinquis?

345 2897 417 2972 Quo
441 2893 550 2979 lhgist
572 2893 618 2961 ah
641 2895 755 2961 tecum
777 2893 907 2978 rapiar!
932 2894 985 2960 Sic
1009 2893 1082 2975 ille;
1106 2895 1165 2961 sed
1187 2894 1332 2961 haerent

345 3025 517 3108 abruptae
534 3015 657 3089 ¹voces:
681 3020 811 3088 etenim
833 3020 969 3105 spelaea
990 3019 1151 3088 subibant

347 3151 418 3214 lam
441 3145 626 3232 sipontini,
650 3145 760 3212 noctis
781 3145 840 3210 vix
862 3147 1012 3212 cesserat
1034 3147 1172 3227 umbra,

346 3274 577 3358 optantesque
600 3269 718 3338 audire
741 3269 855 3338 lerant
877 3270 957 3356 quid
979 3272 1132 3338 monstra
1154 3270 1342 3337 timendum
1383 3289 1391 3300 ’

237 3399 302 3463 640
346 3396 616 3482 Sperandumve‚
640 3394 727 3462 sacri
751 3395 902 3480 pendent
923 3395 1069 3480 pastoris
1090 3394 1134 3462 ab
1157 3413 1226 3463 ore.

347 3521 513 3606 Principis
536 3497 820 3604 Aligerum'selici
843 3519 901 3587 rue
924 3519 1038 3587 omine
1060 3519 1171 3587 laetus

348 3649 398 3714 Ex
419 3645 525 3714 oculis
546 3644 704 3731 quiddam
727 3643 880 3711 divinum
901 3645 1009 3730 spirat
1030 3647 1066 3712 et
1088 3663 1162 3728 ore,

350 3775 397 3838 Ac
421 3769 540 3857 pandit
561 3771 669 3836 visum
692 3772 728 3837 et
751 3769 912 3837 nutantia
934 3773 1073 3856 pectora
1096 3771 1219 3838 firmat.

349 3896 458 3963 Gestit
481 3910 587 3962 ovans
616 3894 673 3979 pia
695 3892 795 3960 turba
816 3911 954 3978 specum
978 3894 1150 3962 celebrare
1174 3895 1380 3974 verendum,

239 4024 306 4089 645
349 4021 513 4088 Omnibus
534 4019 623 4086 idem
646 4017 783 4085 animus
805 4017 961 4086 Michaeli
985 4022 1021 4087 et
1043 4019 1189 4088 condere
1214 4019 1350 4105 templa.

350 4148 421 4214 Nec
444 4163 557 4230 mora;
579 4146 737 4214 certatim
757 4144 875 4213 studiis
898 4146 1108 4215 serventibus
1131 4164 1200 4212 una

350 4273 555 4341 incumbunt
575 4273 670 4360 operi
693 4277 806 4342 tanto:
830 4274 920 4360 regit
942 4273 1057 4340 omnia
1079 4274 1237 4357 Drymas‚

351 4399 531 4485 Cecropius
552 4401 710 4484 Drymas‚
734 4418 799 4486 quo
822 4417 891 4468 non
915 4397 1143 4484 praestantior
1165 4397 1253 4465 alter

350 4525 497 4609 Fingere
519 4528 555 4592 et
576 4525 754 4610 ingentem
775 4525 866 4592 saxis
887 4524 1044 4593 attollere
1068 4522 1208 4590 molem:
