3576 5376
701 735 938 819 lennem
973 735 1040 820 XI

614 955 921 1023 AFFIGI'I'VR
954 955 1118 1025 GRVOI

369 1695 515 1764 lle-sertis
536 1695 686 1765 Arabum
711 1698 820 1765 Moses
842 1715 945 1784 quum
969 1697 1092 1766 finibus
1113 1698 1194 1766 olim

455 1823 620 1889 Errantes
640 1823 763 1907 passim
786 1822 926 1891 duceret
948 1823 1116 1906 leonidas,

370 1947 455 2012 Ecce
477 1945 642 2015 venenati
663 1947 835 2034 spirantes
856 1948 992 2035 ignibus
1013 1965 1145 2034 angues
1166 1949 1199 2006 (ยน)

455 2071 592 2141 infenso
614 2072 796 2164 populum,
815 2091 884 2168 nec
907 2073 1045 2158 modus,
1068 2093 1128 2144 ure
1152 2075 1282 2161 petunt.

302 2198 324 2260 5
368 2201 502 2266 aeneus
523 2198 561 2266 et
582 2215 724 2284 serpens
746 2198 836 2267 malo
858 2198 1074 2285 suspenditur
1095 2198 1188 2280 alto,-

455 2321 645 2408 Aspicitun
672 2321 782 2390 sunio
806 2323 898 2390 virus
919 2325 956 2391 et
978 2341 1080 2392 omne
1104 2299 1200 2408 nge.

368 2446 420 2512 Sic
443 2449 553 2515 lesum
576 2447 671 2533 ligno
694 2446 824 2514 nudum
844 2447 951 2517 fixere
974 2447 1117 2529 trabali,

453 2571 570 2658 Cuspis
592 2591 718 2660 perque
740 2589 863 2641 manus
883 2589 1006 2658 aspera
1029 2587 1156 2657 perque
1179 2571 1290 2656 pedes.

367 2695 559 2763 Mirandum
581 2697 728 2765 larinus!
753 2714 866 2782 poena
888 2714 967 2781 par,
990 2699 1081 2764 sorte
1104 2695 1163 2764 sed
1186 2694 1313 2781 impar,

284 2821 323 2886 10
360 2863 368 2880 .
452 2822 540 2889 Hine
562 2822 649 2891 latro
671 2821 827 2892 crucibus
851 2821 978 2906 pendet
998 2825 1036 2889 et
1057 2821 1136 2888 inde
1160 2819 1258 2888 latro.
1314 2818 1318 2829 '

368 2946 457 3015 Nate
479 2947 568 3030 Deo,
591 2949 769 3035 postquam
792 2946 890 3015 ferali
913 2965 957 3014 ex
979 2949 1101 3014 arbore
1124 2945 1274 3031 pendes,

455 3072 632 3140 Humanae
654 3071 777 3141 sobolis
798 3071 899 3139 diluis
920 3088 1022 3140 omne
1044 3069 1164 3139 scelus.

366 3198 438 3264 Huc
459 3197 561 3281 ades,
585 3216 606 3265 o
628 3197 832 3285 quicumque
856 3214 983 3264 novum
1007 3195 1141 3264 mireris
1163 3193 1284 3276 Ieoob,

454 3320 517 3396 Qui
540 3337 611 3389 non
633 3321 705 3407 ipse
727 3320 796 3388 suis
826 3319 970 3407 pellibus
992 3319 1184 3404 obtegitur3

282 3445 322 3511 15
366 3446 439 3513 Iam
460 3445 582 3530 generi
605 3447 709 3514 Peter
730 3445 948 3532 omnipotens
970 3446 1060 3514 bonu
1074 3445 1200 3516 cuneta
1220 3444 1399 3528 precatur,

453 3569 611 3639 Criminis
633 3569 773 3653 oblitus,
807 3573 997 3658 probraque
1019 3571 1145 3638 cuneta
1166 3567 1270 3638 leret.

365 3695 453 3776 lingo
475 3691 533 3760 olli
555 3694 655 3777 grato
678 3691 868 3761 tundantur
888 3695 1027 3778 pectore
1049 3709 1188 3773 sensus,

452 3816 495 3884 Et
516 3815 657 3884 meritas
678 3815 802 3885 saltem
824 3816 946 3886 tundet
967 3835 1064 3886 amor
1085 3817 1253 3908 lecrimas

366 3941 440 4006 Heu
462 3940 566 4006 mihi!
600 3939 756 4008 terrificis
779 3942 979 4009 horrescunt
1002 3940 1141 4009 vocibus
1169 3940 1290 4008 aures!

277 4065 321 4130 20
452 4065 527 4132 Heu
549 4064 652 4132 mihi!
676 4063 876 4151 disperdant
897 4063 1002 4151 impia
1024 4063 1130 4132 verba
1151 4064 1234 4132 noti.

364 4191 391 4256 O
415 4188 471 4276 qui
494 4191 529 4257 te
552 4191 704 4258 ostentas
726 4189 857 4276 prolem
879 4190 1131 4277 omnipotentis
1152 4189 1296 4276 olympi,

452 4314 515 4391 Qui
537 4315 637 4382 terno
658 4313 787 4383 attollis
807 4314 921 4384 diruta
944 4315 1071 4401 templa
1092 4315 1168 4396 die3
1331 4317 1334 4322 '

363 4439 398 4507 Si
420 4439 529 4506 virtus
550 4437 684 4521 divina,
715 4439 773 4506 tuo
795 4441 832 4507 te
854 4439 996 4507 numine
1017 4457 1133 4522 serve,

451 4563 581 4651 Linque
603 4581 757 4646 ornnem3
788 4567 871 4660 tune
893 4567 928 4632 te
950 4565 1119 4634 credimus
1140 4581 1213 4632 esee
1236 4563 1351 4631 Deum.

1329 4703 1360 4750 sn
