3564 5376
685 531 798 582 LIBER
830 530 1010 582 SECVNDVl

241 659 309 726 235
353 662 482 729 Haeret
504 661 540 728 in
563 660 683 728 obtutu
705 663 824 742 natus,
847 659 907 727 dat
928 659 1074 744 pectoris
1095 659 1164 725 imo

354 787 536 868 Ingentem
556 785 738 871 gemitum,
763 784 889 852 feretro
911 783 1116 869 procumbit,
1142 785 1179 850 et
1201 800 1336 852 amens:

352 911 426 978 Heu
448 909 641 978 miserande
662 910 777 997 pater!
809 910 857 978 sic
879 927 952 992 me,
976 909 1023 976 sic
1046 907 1194 978 deserisl
1215 908 1342 997 inquit:

351 1035 404 1103 Sic
428 1037 512 1103 nato
534 1035 719 1122 abriperis?
741 1036 790 1104 sic
812 1037 921 1103 morte
944 1035 1115 1103 occumbis
1136 1035 1283 1103 acerbat

350 1161 401 1230 Oh
424 1161 506 1230 felix
529 1163 656 1230 mater!
681 1179 745 1230 nec
768 1162 805 1227 in
827 1162 920 1229 hunc
942 1164 1080 1230 servata
1102 1161 1268 1229 dolorem!

237 1289 304 1354 alo
348 1286 552 1372 Iampridem
573 1289 716 1355 aeterno
738 1287 867 1355 claudis
889 1303 970 1353 nam
994 1285 1125 1354 lumina
1145 1304 1274 1354 somno.

351 1412 413 1480 Ast
434 1429 500 1496 ego
523 1411 601 1498 quid
610 1412 653 1480 l...
677 1411 759 1498 quid
781 1411 892 1479 adhrm
914 1429 1033 1480 vescor
1055 1412 1214 1480 vitalibus
1235 1411 1347 1481 auris?

350 1538 556 1622 Ogenitor,
579 1537 661 1604 mihi
683 1536 773 1606 solus
794 1555 909 1622 amor,
932 1536 1014 1603 mihi
1038 1536 1135 1605 dulce
1158 1537 1334 1620 levamen,

349 1663 411 1740 Qui
433 1662 516 1730 milri
538 1663 674 1730 cedenti
696 1661 808 1748 patrio
830 1659 873 1729 de
895 1660 995 1730 litore
1018 1680 1128 1747 nuper

350 1787 531 1856 Incolumis
561 1786 786 1872 membrisque
809 1785 928 1854 valens
957 1804 1111 1873 aevoque
1134 1786 1257 1857 virent

240 1913 307 1979 245
350 1913 467 1981 Dulcia
489 1911 618 1996 figebas
635 1899 778 1981 ¹centum
800 1910 883 1978 milri
907 1912 1001 1980 basia
1023 1915 1180 1996 centum;

350 2040 446 2106 Nunc
469 2039 606 2106 tantum
629 2054 822 2121 exanguem
844 2053 967 2122 cerno,
990 2054 1084 2105 nunc
1108 2037 1229 2122 frigida
1251 2039 1404 2106 membra

350 2163 561 2250 Amplector‚
585 2162 704 2230 miser!
728 2164 832 2249 atque
854 2163 1015 2249 amplexu
1038 2180 1156 2249 pascor
1178 2163 1285 2232 inani.

347 2290 416 2357 lata
436 2305 579 2374 gemens
599 2287 734 2356 iuvenis
761 2288 967 2372 singultibus
988 2288 1223 2375 interrumpit,

349 2413 534 2500 Effusisqne
557 2414 649 2500 rigat
671 2413 820 2482 lacrimis
841 2431 999 2499 exangue
1023 2413 1200 2493 cadaver„

237 2540 304 2605 250
348 2540 569 2625 Ingeminant
590 2537 689 2608 fletus
709 2542 746 2607 et
767 2539 858 2625 ripas
880 2539 1065 2625 questubus
1086 2557 1205 2609 omnes

349 2664 511 2734 Adriacas
533 2665 722 2752 complent,
745 2666 909 2733 resonant
930 2667 968 2731 et
988 2664 1138 2732 culmina
1160 2667 1307 2752 questus.

435 2791 481 2858 At
502 2797 601 2878 pater
622 2793 769 2861 occurrit
797 2793 1014 2879 Laurentius,
1037 2794 1159 2862 intima
1181 2809 1385 2878 quamquam

347 2919 493 2986 Pectora
514 2918 695 2987 discruciat
717 2917 831 2986 dilecti
853 2936 952 2988 casus
973 2920 1091 3002 amici3

346 3042 444 3110 Fletu
467 3043 635 3112 deiectum
657 3044 791 3111 relevet
812 3044 860 3112 sic
882 3061 944 3112 ora
965 3045 1156 3113 resolvens:
1234 3119 1237 3126 ,

235 3166 304 3233 255
347 3167 375 3233 0
396 3168 493 3252 patre
516 3165 619 3252 digne
643 3184 744 3253 puer,
768 3168 865 3236 tanto
888 3185 933 3236 ne
956 3169 1039 3236 cede
1061 3169 1185 3237 dolori:

345 3293 421 3359 Non
443 3293 553 3360 omnis
574 3292 677 3378 periit
698 3295 858 3378 Drymas;
884 3312 966 3361 nam
987 3294 1125 3380 spirituo
1145 3296 1246 3362 astris

345 3415 493 3502 Eliulget
514 3418 644 3503 superis
650 3436 660 3500 ;
683 3419 784 3486 terris
805 3437 970 3506 compage
993 3420 1128 3503 relicta,

345 3542 473 3610 Felices
494 3543 627 3610 animas
648 3543 782 3611 extollit
802 3545 846 3612 ad
869 3544 1011 3614 aethera
1034 3546 1151 3615 virtus.

348 3669 441 3735 Pone
462 3667 598 3734 modum
621 3669 786 3737 lacrimis:
812 3671 955 3739 Michael
978 3671 1113 3739 invexit
1133 3672 1269 3759 olympo

233 3791 300 3856 260
344 3791 458 3859 Herna
478 3791 649 3876 insignem
671 3793 801 3862 meritis
822 3797 926 3880 atqm
949 3795 1021 3862 alta
1042 3799 1233 3865 merentem

345 3915 503 3982 Praemia
509 3933 519 3998 ;
542 3915 681 3983 caelesti
703 3934 796 3986 nunc
818 3921 854 3986 te
875 3921 1009 3987 tutatur
1030 3922 1074 3988 ab
1095 3937 1175 3988 arce

344 4038 484 4126 Semper
504 4057 641 4126 mans,
664 4045 700 4110 et
721 4043 750 4110 si
771 4044 909 4129 genitor
931 4047 965 4112 te
990 4045 1109 4114 sunere
1132 4046 1248 4132 liquit,

343 4166 480 4249 Fungar
501 4184 566 4251 ego
589 4168 707 4253 patriis
729 4169 874 4252 vicibus3
897 4172 932 4238 to
954 4187 1090 4257 semper
1111 4174 1232 4240 amabo

345 4290 389 4356 Ut
410 4293 572 4376 gnamm:
596 4295 702 4378 patris
724 4295 859 4364 interea
880 4313 1028 4383 namque
1051 4299 1126 4364 arte
1148 4297 1296 4382 peritus,

231 4414 298 4482 265
343 4416 392 4483 Tu
414 4416 571 4502 princeps
592 4435 733 4503 operum
755 4418 905 4504 (largam
927 4423 1050 4506 coepta
1070 4423 1223 4506 parentis

345 4541 521 4624 Perdcies;
543 4542 666 4611 merito
688 4543 834 4630 vestigia
854 4561 983 4630 magna
1003 4545 1161 4630 sequeris
