<?xml version="1.0" encoding="UTF-8"?>
<!DOCTYPE html PUBLIC "-//W3C//DTD XHTML 1.0 Transitional//EN"
    "http://www.w3.org/TR/xhtml1/DTD/xhtml1-transitional.dtd">
<html xmlns="http://www.w3.org/1999/xhtml" xml:lang="en" lang="en">
 <head>
  <title>
</title>
<meta http-equiv="Content-Type" content="text/html;charset=utf-8" />
  <meta name='ocr-system' content='tesseract 3.04.00' />
  <meta name='ocr-capabilities' content='ocr_page ocr_carea ocr_par ocr_line ocrx_word'/>
</head>
<body>
  <div class='ocr_page' id='page_1' title='image "./carmina00morigoog_0365.png"; bbox 0 0 3576 5376; ppageno 0'>
   <div class='ocr_carea' id='block_1_1' title="bbox 345 519 1007 586">
    <p class='ocr_par' dir='ltr' id='par_1_1' title="bbox 345 519 1007 586">
     <span class='ocr_line' id='line_1_1' title="bbox 345 519 1007 586; baseline -0.008 0"><span class='ocrx_word' id='word_1_1' title='bbox 345 519 411 586; x_wconf 89' lang='lat'>358</span> <span class='ocrx_word' id='word_1_2' title='bbox 894 532 1007 582; x_wconf 75' lang='lat' dir='ltr'>vaura</span> 
     </span>
    </p>
   </div>
   <div class='ocr_carea' id='block_1_2' title="bbox 355 655 1540 4473">
    <p class='ocr_par' dir='ltr' id='par_1_2' title="bbox 453 655 1540 990">
     <span class='ocr_line' id='line_1_2' title="bbox 453 655 1540 744; baseline -0.004 -18"><span class='ocrx_word' id='word_1_3' title='bbox 453 658 543 726; x_wconf 88' lang='lat' dir='ltr'>Nulli</span> <span class='ocrx_word' id='word_1_4' title='bbox 565 657 822 744; x_wconf 80' lang='lat' dir='ltr'>quadrupedum</span> <span class='ocrx_word' id='word_1_5' title='bbox 843 657 1004 743; x_wconf 88' lang='lat' dir='ltr'>strepitus</span> <span class='ocrx_word' id='word_1_6' title='bbox 1025 661 1062 725; x_wconf 89' lang='lat' dir='ltr'>et</span> <span class='ocrx_word' id='word_1_7' title='bbox 1084 656 1179 723; x_wconf 89' lang='lat' dir='ltr'>nulla</span> <span class='ocrx_word' id='word_1_8' title='bbox 1202 655 1379 724; x_wconf 89' lang='lat' dir='ltr'>bominum</span> <span class='ocrx_word' id='word_1_9' title='bbox 1399 673 1484 723; x_wconf 88' lang='lat' dir='ltr'>vox:</span> <span class='ocrx_word' id='word_1_10' title='bbox 1537 708 1540 714; x_wconf 94' lang='lat'><em>.</em></span> 
     </span>
     <span class='ocr_line' id='line_1_3' title="bbox 454 781 1372 869; baseline -0.004 -19"><span class='ocrx_word' id='word_1_11' title='bbox 454 786 586 869; x_wconf 84' lang='lat' dir='ltr'>Perque</span> <span class='ocrx_word' id='word_1_12' title='bbox 609 781 724 850; x_wconf 87' lang='lat' dir='ltr'>domos</span> <span class='ocrx_word' id='word_1_13' title='bbox 746 781 870 867; x_wconf 87' lang='lat' dir='ltr'>passim</span> <span class='ocrx_word' id='word_1_14' title='bbox 892 782 985 850; x_wconf 90' lang='lat' dir='ltr'>cives</span> <span class='ocrx_word' id='word_1_15' title='bbox 1006 797 1133 867; x_wconf 84' lang='lat' dir='ltr'>perque</span> <span class='ocrx_word' id='word_1_16' title='bbox 1154 799 1240 849; x_wconf 87' lang='lat' dir='ltr'>arva</span> <span class='ocrx_word' id='word_1_17' title='bbox 1261 781 1372 849; x_wconf 91' lang='lat' dir='ltr'>coloni</span> 
     </span>
     <span class='ocr_line' id='line_1_4' title="bbox 453 905 1181 990; baseline -0.003 -16"><span class='ocrx_word' id='word_1_18' title='bbox 453 905 566 974; x_wconf 88' lang='lat' dir='ltr'>Securi</span> <span class='ocrx_word' id='word_1_19' title='bbox 589 905 677 973; x_wconf 93' lang='lat' dir='ltr'>dulci</span> <span class='ocrx_word' id='word_1_20' title='bbox 702 905 859 974; x_wconf 89' lang='lat' dir='ltr'>laxarant</span> <span class='ocrx_word' id='word_1_21' title='bbox 882 905 1034 974; x_wconf 90' lang='lat' dir='ltr'>membra</span> <span class='ocrx_word' id='word_1_22' title='bbox 1056 905 1181 990; x_wconf 85' lang='lat' dir='ltr'>quiete.</span> 
     </span>
    </p>

    <p class='ocr_par' dir='ltr' id='par_1_3' title="bbox 363 1029 1383 1364">
     <span class='ocr_line' id='line_1_5' title="bbox 363 1029 1294 1118; baseline -0.001 -19"><span class='ocrx_word' id='word_1_23' title='bbox 363 1033 408 1100; x_wconf 89' lang='lat'>60</span> <span class='ocrx_word' id='word_1_24' title='bbox 450 1034 525 1118; x_wconf 92' lang='lat' dir='ltr'>ipse</span> <span class='ocrx_word' id='word_1_25' title='bbox 551 1033 649 1116; x_wconf 86' lang='lat' dir='ltr'>pater</span> <span class='ocrx_word' id='word_1_26' title='bbox 671 1031 798 1112; x_wconf 86' lang='lat' dir='ltr'>Tibris,</span> <span class='ocrx_word' id='word_1_27' title='bbox 821 1048 973 1099; x_wconf 88' lang='lat' dir='ltr'>muscoso</span> <span class='ocrx_word' id='word_1_28' title='bbox 996 1029 1152 1098; x_wconf 88' lang='lat' dir='ltr'>conditus</span> <span class='ocrx_word' id='word_1_29' title='bbox 1175 1031 1294 1112; x_wconf 87' lang='lat' dir='ltr'>antro,</span> 
     </span>
     <span class='ocr_line' id='line_1_6' title="bbox 452 1150 1291 1237; baseline 0 -17"><span class='ocrx_word' id='word_1_30' title='bbox 452 1156 520 1222; x_wconf 93' lang='lat' dir='ltr'>Per</span> <span class='ocrx_word' id='word_1_31' title='bbox 542 1155 678 1220; x_wconf 86' lang='lat' dir='ltr'>noctem</span> <span class='ocrx_word' id='word_1_32' title='bbox 701 1153 806 1220; x_wconf 88' lang='lat' dir='ltr'>tacito</span> <span class='ocrx_word' id='word_1_33' title='bbox 828 1151 988 1220; x_wconf 87' lang='lat' dir='ltr'>volvebat</span> <span class='ocrx_word' id='word_1_34' title='bbox 1010 1150 1152 1220; x_wconf 84' lang='lat' dir='ltr'>flumina</span> <span class='ocrx_word' id='word_1_35' title='bbox 1174 1171 1291 1237; x_wconf 89' lang='lat' dir='ltr'>cursu,</span> 
     </span>
     <span class='ocr_line' id='line_1_7' title="bbox 452 1277 1383 1364; baseline 0.001 -19"><span class='ocrx_word' id='word_1_36' title='bbox 452 1277 571 1345; x_wconf 90' lang='lat' dir='ltr'>Nescio</span> <span class='ocrx_word' id='word_1_37' title='bbox 592 1277 673 1364; x_wconf 91' lang='lat' dir='ltr'>quid</span> <span class='ocrx_word' id='word_1_38' title='bbox 696 1277 827 1363; x_wconf 87' lang='lat' dir='ltr'>queruli</span> <span class='ocrx_word' id='word_1_39' title='bbox 850 1294 1032 1346; x_wconf 87' lang='lat' dir='ltr'>resonans:</span> <span class='ocrx_word' id='word_1_40' title='bbox 1055 1279 1117 1346; x_wconf 93' lang='lat' dir='ltr'>sub</span> <span class='ocrx_word' id='word_1_41' title='bbox 1140 1281 1278 1363; x_wconf 87' lang='lat' dir='ltr'>pectore</span> <span class='ocrx_word' id='word_1_42' title='bbox 1300 1295 1383 1346; x_wconf 88' lang='lat' dir='ltr'>cura</span> 
     </span>
    </p>

    <p class='ocr_par' dir='ltr' id='par_1_4' title="bbox 381 1398 1411 1610">
     <span class='ocr_line' id='line_1_8' title="bbox 381 1398 1411 1496; baseline 0 -30"><span class='ocrx_word' id='word_1_43' title='bbox 381 1489 385 1496; x_wconf 23' lang='grc' dir='ltr'>ι</span> <span class='ocrx_word' id='word_1_44' title='bbox 448 1401 593 1482; x_wconf 85' lang='lat' dir='ltr'>Haeret,</span> <span class='ocrx_word' id='word_1_45' title='bbox 616 1401 652 1466; x_wconf 92' lang='lat' dir='ltr'>et</span> <span class='ocrx_word' id='word_1_46' title='bbox 675 1399 797 1467; x_wconf 82' lang='lat' dir='ltr'>incerti</span> <span class='ocrx_word' id='word_1_47' title='bbox 821 1398 969 1486; x_wconf 91' lang='lat' dir='ltr'>trepidat</span> <span class='ocrx_word' id='word_1_48' title='bbox 991 1416 1088 1468; x_wconf 88' lang='lat' dir='ltr'>mens</span> <span class='ocrx_word' id='word_1_49' title='bbox 1109 1400 1263 1486; x_wconf 86' lang='lat' dir='ltr'>praescia</span> <span class='ocrx_word' id='word_1_50' title='bbox 1285 1399 1411 1468; x_wconf 83' lang='lat' dir='ltr'>damni.</span> 
     </span>
     <span class='ocr_line' id='line_1_9' title="bbox 449 1525 1297 1610; baseline 0.001 -17"><span class='ocrx_word' id='word_1_51' title='bbox 449 1528 535 1595; x_wconf 86' lang='lat' dir='ltr'>Ecce</span> <span class='ocrx_word' id='word_1_52' title='bbox 556 1529 674 1593; x_wconf 89' lang='lat' dir='ltr'>autem</span> <span class='ocrx_word' id='word_1_53' title='bbox 697 1525 797 1610; x_wconf 85' lang='lat' dir='ltr'>nigra</span> <span class='ocrx_word' id='word_1_54' title='bbox 819 1525 998 1593; x_wconf 87' lang='lat' dir='ltr'>exundans</span> <span class='ocrx_word' id='word_1_55' title='bbox 1019 1525 1166 1610; x_wconf 77' lang='lat' dir='ltr'>caligine</span> <span class='ocrx_word' id='word_1_56' title='bbox 1191 1525 1297 1594; x_wconf 89' lang='lat' dir='ltr'>nubes</span> 
     </span>
    </p>

    <p class='ocr_par' dir='ltr' id='par_1_5' title="bbox 359 1649 1385 2234">
     <span class='ocr_line' id='line_1_10' title="bbox 359 1649 1349 1736; baseline 0 -19"><span class='ocrx_word' id='word_1_57' title='bbox 359 1651 405 1718; x_wconf 87' lang='lat'>65</span> <span class='ocrx_word' id='word_1_58' title='bbox 449 1650 589 1718; x_wconf 87' lang='lat' dir='ltr'>Tollitur</span> <span class='ocrx_word' id='word_1_59' title='bbox 610 1654 648 1718; x_wconf 89' lang='lat' dir='ltr'>et</span> <span class='ocrx_word' id='word_1_60' title='bbox 668 1649 794 1735; x_wconf 84' lang='lat' dir='ltr'>spissae</span> <span class='ocrx_word' id='word_1_61' title='bbox 817 1650 962 1718; x_wconf 84' lang='lat' dir='ltr'>volitant</span> <span class='ocrx_word' id='word_1_62' title='bbox 984 1650 1171 1736; x_wconf 88' lang='lat' dir='ltr'>perinane</span> <span class='ocrx_word' id='word_1_63' title='bbox 1194 1649 1349 1731; x_wconf 85' lang='lat' dir='ltr'>iavillae;</span> 
     </span>
     <span class='ocr_line' id='line_1_11' title="bbox 448 1773 1385 1862; baseline 0.001 -21"><span class='ocrx_word' id='word_1_64' title='bbox 448 1775 503 1842; x_wconf 86' lang='lat' dir='ltr'>Fit</span> <span class='ocrx_word' id='word_1_65' title='bbox 524 1775 655 1862; x_wconf 82' lang='lat' dir='ltr'>fragor,</span> <span class='ocrx_word' id='word_1_66' title='bbox 679 1776 863 1861; x_wconf 91' lang='lat' dir='ltr'>erumpunt</span> <span class='ocrx_word' id='word_1_67' title='bbox 884 1774 955 1843; x_wconf 88' lang='lat' dir='ltr'>aito</span> <span class='ocrx_word' id='word_1_68' title='bbox 977 1775 1019 1842; x_wconf 90' lang='lat' dir='ltr'>de</span> <span class='ocrx_word' id='word_1_69' title='bbox 1041 1775 1189 1843; x_wconf 90' lang='lat' dir='ltr'>culmine</span> <span class='ocrx_word' id='word_1_70' title='bbox 1211 1773 1385 1856; x_wconf 84' lang='lat' dir='ltr'>flammae,</span> 
     </span>
     <span class='ocr_line' id='line_1_12' title="bbox 448 1899 1301 1987; baseline 0.001 -21"><span class='ocrx_word' id='word_1_71' title='bbox 448 1899 589 1968; x_wconf 90' lang='lat' dir='ltr'>Tibridis</span> <span class='ocrx_word' id='word_1_72' title='bbox 610 1903 646 1968; x_wconf 91' lang='lat' dir='ltr'>et</span> <span class='ocrx_word' id='word_1_73' title='bbox 668 1899 763 1986; x_wconf 88' lang='lat' dir='ltr'>ripae</span> <span class='ocrx_word' id='word_1_74' title='bbox 786 1899 912 1967; x_wconf 92' lang='lat' dir='ltr'>circum</span> <span class='ocrx_word' id='word_1_75' title='bbox 935 1899 1113 1987; x_wconf 77' lang='lat' dir='ltr'>campique</span> <span class='ocrx_word' id='word_1_76' title='bbox 1135 1899 1301 1968; x_wconf 84' lang='lat' dir='ltr'>relucent</span> 
     </span>
     <span class='ocr_line' id='line_1_13' title="bbox 449 2023 1269 2110; baseline 0.001 -19"><span class='ocrx_word' id='word_1_77' title='bbox 449 2026 534 2092; x_wconf 92' lang='lat' dir='ltr'>Tum</span> <span class='ocrx_word' id='word_1_78' title='bbox 556 2025 654 2110; x_wconf 87' lang='lat' dir='ltr'>pater</span> <span class='ocrx_word' id='word_1_79' title='bbox 676 2024 823 2108; x_wconf 83' lang='lat' dir='ltr'>assurgit</span> <span class='ocrx_word' id='word_1_80' title='bbox 845 2023 941 2092; x_wconf 87' lang='lat' dir='ltr'>flavis</span> <span class='ocrx_word' id='word_1_81' title='bbox 963 2024 1148 2093; x_wconf 88' lang='lat' dir='ltr'>exterritus</span> <span class='ocrx_word' id='word_1_82' title='bbox 1169 2023 1269 2092; x_wconf 86' lang='lat' dir='ltr'>undis</span> 
     </span>
     <span class='ocr_line' id='line_1_14' title="bbox 447 2147 1369 2234; baseline -0.001 -18"><span class='ocrx_word' id='word_1_83' title='bbox 447 2147 624 2234; x_wconf 88' lang='lat' dir='ltr'>Aspiciens</span> <span class='ocrx_word' id='word_1_84' title='bbox 645 2149 750 2216; x_wconf 88' lang='lat' dir='ltr'>sacris</span> <span class='ocrx_word' id='word_1_85' title='bbox 774 2147 996 2216; x_wconf 83' lang='lat' dir='ltr'>bacchantem</span> <span class='ocrx_word' id='word_1_86' title='bbox 1019 2148 1056 2215; x_wconf 93' lang='lat' dir='ltr'>in</span> <span class='ocrx_word' id='word_1_87' title='bbox 1078 2148 1212 2216; x_wconf 86' lang='lat' dir='ltr'>sedibus</span> <span class='ocrx_word' id='word_1_88' title='bbox 1233 2149 1369 2234; x_wconf 83' lang='lat' dir='ltr'>ignem:</span> 
     </span>
    </p>

    <p class='ocr_par' dir='ltr' id='par_1_6' title="bbox 360 2271 1343 2856">
     <span class='ocr_line' id='line_1_15' title="bbox 360 2271 1270 2358; baseline 0.001 -20"><span class='ocrx_word' id='word_1_89' title='bbox 360 2273 404 2338; x_wconf 83' lang='lat'>70</span> <span class='ocrx_word' id='word_1_90' title='bbox 448 2273 570 2340; x_wconf 91' lang='lat' dir='ltr'>Omnia</span> <span class='ocrx_word' id='word_1_91' title='bbox 593 2273 765 2358; x_wconf 88' lang='lat' dir='ltr'>percepit,</span> <span class='ocrx_word' id='word_1_92' title='bbox 789 2271 858 2338; x_wconf 93' lang='lat' dir='ltr'>iam</span> <span class='ocrx_word' id='word_1_93' title='bbox 881 2271 990 2357; x_wconf 90' lang='lat' dir='ltr'>plenis</span> <span class='ocrx_word' id='word_1_94' title='bbox 1012 2273 1170 2341; x_wconf 87' lang='lat' dir='ltr'>cornibus</span> <span class='ocrx_word' id='word_1_95' title='bbox 1191 2272 1270 2340; x_wconf 90' lang='lat' dir='ltr'>illuc</span> 
     </span>
     <span class='ocr_line' id='line_1_16' title="bbox 446 2397 1343 2486; baseline -0.002 -21"><span class='ocrx_word' id='word_1_96' title='bbox 446 2397 632 2486; x_wconf 88' lang='lat' dir='ltr'>impulerat</span> <span class='ocrx_word' id='word_1_97' title='bbox 654 2397 834 2464; x_wconf 87' lang='lat' dir='ltr'>miseratus</span> <span class='ocrx_word' id='word_1_98' title='bbox 855 2415 979 2483; x_wconf 88' lang='lat' dir='ltr'>aquas:</span> <span class='ocrx_word' id='word_1_99' title='bbox 1002 2397 1061 2465; x_wconf 89' lang='lat' dir='ltr'>sed</span> <span class='ocrx_word' id='word_1_100' title='bbox 1085 2397 1157 2465; x_wconf 81' lang='lat' dir='ltr'>tata</span> <span class='ocrx_word' id='word_1_101' title='bbox 1179 2397 1343 2465; x_wconf 89' lang='lat' dir='ltr'>resistunt</span> 
     </span>
     <span class='ocr_line' id='line_1_17' title="bbox 448 2497 1283 2607; baseline -0.001 -19"><span class='ocrx_word' id='word_1_102' title='bbox 448 2497 574 2589; x_wconf 86' lang='lat' dir='ltr'>Ferrea</span> <span class='ocrx_word' id='word_1_103' title='bbox 596 2521 632 2588; x_wconf 91' lang='lat' dir='ltr'>et</span> <span class='ocrx_word' id='word_1_104' title='bbox 653 2521 762 2588; x_wconf 91' lang='lat' dir='ltr'>invito</span> <span class='ocrx_word' id='word_1_105' title='bbox 784 2521 961 2588; x_wconf 85' lang='lat' dir='ltr'>subsidunt</span> <span class='ocrx_word' id='word_1_106' title='bbox 982 2539 1130 2607; x_wconf 87' lang='lat' dir='ltr'>aequore</span> <span class='ocrx_word' id='word_1_107' title='bbox 1153 2519 1283 2590; x_wconf 81' lang='lat' dir='ltr'>fluctus.</span> 
     </span>
     <span class='ocr_line' id='line_1_18' title="bbox 448 2643 1334 2729; baseline -0.002 -17"><span class='ocrx_word' id='word_1_108' title='bbox 448 2644 527 2712; x_wconf 89' lang='lat' dir='ltr'>Mox</span> <span class='ocrx_word' id='word_1_109' title='bbox 549 2643 656 2712; x_wconf 90' lang='lat' dir='ltr'>altum</span> <span class='ocrx_word' id='word_1_110' title='bbox 678 2643 807 2712; x_wconf 90' lang='lat' dir='ltr'>emittit</span> <span class='ocrx_word' id='word_1_111' title='bbox 827 2643 1010 2728; x_wconf 81' lang='lat' dir='ltr'>gemitum,</span> <span class='ocrx_word' id='word_1_112' title='bbox 1034 2644 1088 2711; x_wconf 90' lang='lat' dir='ltr'>cui</span> <span class='ocrx_word' id='word_1_113' title='bbox 1111 2643 1211 2712; x_wconf 86' lang='lat' dir='ltr'>litora</span> <span class='ocrx_word' id='word_1_114' title='bbox 1232 2644 1334 2729; x_wconf 80' lang='lat' dir='ltr'>longe</span> 
     </span>
     <span class='ocr_line' id='line_1_19' title="bbox 449 2769 1276 2856; baseline 0 -18"><span class='ocrx_word' id='word_1_115' title='bbox 449 2771 519 2838; x_wconf 90' lang='lat' dir='ltr'>Nec</span> <span class='ocrx_word' id='word_1_116' title='bbox 541 2787 613 2838; x_wconf 92' lang='lat' dir='ltr'>non</span> <span class='ocrx_word' id='word_1_117' title='bbox 635 2789 655 2838; x_wconf 92' lang='lat' dir='ltr'>e</span> <span class='ocrx_word' id='word_1_118' title='bbox 676 2771 808 2856; x_wconf 87' lang='lat' dir='ltr'>septem</span> <span class='ocrx_word' id='word_1_119' title='bbox 831 2772 1009 2855; x_wconf 88' lang='lat' dir='ltr'>responsat</span> <span class='ocrx_word' id='word_1_120' title='bbox 1031 2769 1171 2838; x_wconf 90' lang='lat' dir='ltr'>collibus</span> <span class='ocrx_word' id='word_1_121' title='bbox 1192 2769 1276 2838; x_wconf 89' lang='lat' dir='ltr'>echo</span> 
     </span>
    </p>

    <p class='ocr_par' dir='ltr' id='par_1_7' title="bbox 357 2893 1380 3478">
     <span class='ocr_line' id='line_1_20' title="bbox 357 2893 1290 2980; baseline 0.002 -22"><span class='ocrx_word' id='word_1_122' title='bbox 357 2893 402 2960; x_wconf 85' lang='grc'>75</span> <span class='ocrx_word' id='word_1_123' title='bbox 445 2893 684 2979; x_wconf 82' lang='lat' dir='ltr'>ingeminans:</span> <span class='ocrx_word' id='word_1_124' title='bbox 709 2893 826 2962; x_wconf 90' lang='lat' dir='ltr'>vitreis</span> <span class='ocrx_word' id='word_1_125' title='bbox 848 2893 982 2962; x_wconf 85' lang='lat' dir='ltr'>excitae</span> <span class='ocrx_word' id='word_1_126' title='bbox 1004 2893 1160 2980; x_wconf 87' lang='lat' dir='ltr'>protinus</span> <span class='ocrx_word' id='word_1_127' title='bbox 1179 2895 1290 2962; x_wconf 89' lang='lat' dir='ltr'>antris</span> 
     </span>
     <span class='ocr_line' id='line_1_21' title="bbox 446 3015 1196 3102; baseline 0.001 -19"><span class='ocrx_word' id='word_1_128' title='bbox 446 3015 591 3084; x_wconf 85' lang='lat' dir='ltr'>Naiadas</span> <span class='ocrx_word' id='word_1_129' title='bbox 612 3015 736 3102; x_wconf 87' lang='lat' dir='ltr'>pavida</span> <span class='ocrx_word' id='word_1_130' title='bbox 757 3033 875 3098; x_wconf 84' lang='lat' dir='ltr'>regem</span> <span class='ocrx_word' id='word_1_131' title='bbox 898 3016 1036 3084; x_wconf 88' lang='lat' dir='ltr'>cinxere</span> <span class='ocrx_word' id='word_1_132' title='bbox 1060 3033 1196 3084; x_wconf 86' lang='lat' dir='ltr'>corona</span> 
     </span>
     <span class='ocr_line' id='line_1_22' title="bbox 446 3140 1299 3230; baseline 0.002 -22"><span class='ocrx_word' id='word_1_133' title='bbox 446 3142 517 3208; x_wconf 91' lang='lat' dir='ltr'>Neo</span> <span class='ocrx_word' id='word_1_134' title='bbox 539 3140 651 3208; x_wconf 92' lang='lat' dir='ltr'>minus</span> <span class='ocrx_word' id='word_1_135' title='bbox 672 3141 804 3209; x_wconf 86' lang='lat' dir='ltr'>excussi</span> <span class='ocrx_word' id='word_1_136' title='bbox 827 3141 919 3209; x_wconf 90' lang='lat' dir='ltr'>cives</span> <span class='ocrx_word' id='word_1_137' title='bbox 940 3141 1088 3210; x_wconf 92' lang='lat' dir='ltr'>clamore</span> <span class='ocrx_word' id='word_1_138' title='bbox 1111 3142 1299 3230; x_wconf 88' lang='lat' dir='ltr'>propinquo</span> 
     </span>
     <span class='ocr_line' id='line_1_23' title="bbox 444 3264 1380 3354; baseline 0.002 -21"><span class='ocrx_word' id='word_1_139' title='bbox 444 3264 593 3351; x_wconf 84' lang='lat' dir='ltr'>Corpora</span> <span class='ocrx_word' id='word_1_140' title='bbox 615 3265 803 3351; x_wconf 90' lang='lat' dir='ltr'>corripiunt</span> <span class='ocrx_word' id='word_1_141' title='bbox 824 3267 957 3335; x_wconf 88' lang='lat' dir='ltr'>stratis:</span> <span class='ocrx_word' id='word_1_142' title='bbox 980 3284 1059 3353; x_wconf 86' lang='lat' dir='ltr'>pars</span> <span class='ocrx_word' id='word_1_143' title='bbox 1080 3267 1210 3353; x_wconf 90' lang='lat' dir='ltr'>pulpita</span> <span class='ocrx_word' id='word_1_144' title='bbox 1232 3266 1380 3354; x_wconf 84' lang='lat' dir='ltr'>complet</span> 
     </span>
     <span class='ocr_line' id='line_1_24' title="bbox 443 3390 1351 3478; baseline 0.004 -21"><span class='ocrx_word' id='word_1_145' title='bbox 443 3390 597 3458; x_wconf 80' lang='lat' dir='ltr'>iiiviros</span> <span class='ocrx_word' id='word_1_146' title='bbox 618 3390 817 3477; x_wconf 86' lang='lat' dir='ltr'>plateasque</span> <span class='ocrx_word' id='word_1_147' title='bbox 840 3391 933 3459; x_wconf 88' lang='lat' dir='ltr'>urbis</span> <span class='ocrx_word' id='word_1_148' title='bbox 954 3390 1143 3478; x_wconf 85' lang='lat' dir='ltr'>densasque</span> <span class='ocrx_word' id='word_1_149' title='bbox 1167 3392 1351 3475; x_wconf 60' lang='lat' dir='ltr'>fenestram</span> 
     </span>
    </p>

    <p class='ocr_par' dir='ltr' id='par_1_8' title="bbox 355 3515 1372 4095">
     <span class='ocr_line' id='line_1_25' title="bbox 355 3515 1338 3602; baseline 0.004 -20"><span class='ocrx_word' id='word_1_150' title='bbox 355 3517 399 3582; x_wconf 86' lang='lat'>80</span> <span class='ocrx_word' id='word_1_151' title='bbox 442 3519 527 3584; x_wconf 92' lang='lat' dir='ltr'>Pars</span> <span class='ocrx_word' id='word_1_152' title='bbox 549 3516 654 3584; x_wconf 90' lang='lat' dir='ltr'>oculis</span> <span class='ocrx_word' id='word_1_153' title='bbox 676 3515 812 3584; x_wconf 86' lang='lat' dir='ltr'>inhians</span> <span class='ocrx_word' id='word_1_154' title='bbox 835 3519 964 3585; x_wconf 91' lang='lat' dir='ltr'>tectum</span> <span class='ocrx_word' id='word_1_155' title='bbox 987 3516 1092 3602; x_wconf 93' lang='lat' dir='ltr'>petit,</span> <span class='ocrx_word' id='word_1_156' title='bbox 1116 3517 1206 3584; x_wconf 88' lang='lat' dir='ltr'>unde</span> <span class='ocrx_word' id='word_1_157' title='bbox 1230 3517 1338 3586; x_wconf 88' lang='lat' dir='ltr'>videri</span> 
     </span>
     <span class='ocr_line' id='line_1_26' title="bbox 441 3641 1334 3727; baseline 0.002 -19"><span class='ocrx_word' id='word_1_158' title='bbox 441 3644 622 3708; x_wconf 78' lang='lat' dir='ltr'>Terrarum</span> <span class='ocrx_word' id='word_1_159' title='bbox 645 3642 773 3709; x_wconf 89' lang='lat' dir='ltr'>tractus</span> <span class='ocrx_word' id='word_1_160' title='bbox 796 3643 899 3727; x_wconf 87' lang='lat' dir='ltr'>queat</span> <span class='ocrx_word' id='word_1_161' title='bbox 920 3643 957 3709; x_wconf 90' lang='lat' dir='ltr'>et</span> <span class='ocrx_word' id='word_1_162' title='bbox 977 3641 1090 3727; x_wconf 87' lang='lat' dir='ltr'>spatia</span> <span class='ocrx_word' id='word_1_163' title='bbox 1111 3641 1218 3710; x_wconf 84' lang='lat' dir='ltr'>ardua</span> <span class='ocrx_word' id='word_1_164' title='bbox 1239 3642 1334 3710; x_wconf 87' lang='lat' dir='ltr'>caeli.</span> 
     </span>
     <span class='ocr_line' id='line_1_27' title="bbox 442 3765 1372 3853; baseline 0.003 -20"><span class='ocrx_word' id='word_1_165' title='bbox 442 3769 537 3833; x_wconf 88' lang='lat' dir='ltr'>Tunc</span> <span class='ocrx_word' id='word_1_166' title='bbox 560 3765 677 3853; x_wconf 91' lang='lat' dir='ltr'>procul</span> <span class='ocrx_word' id='word_1_167' title='bbox 698 3767 841 3852; x_wconf 83' lang='lat' dir='ltr'>apparet</span> <span class='ocrx_word' id='word_1_168' title='bbox 863 3765 1044 3852; x_wconf 90' lang='lat' dir='ltr'>templum,</span> <span class='ocrx_word' id='word_1_169' title='bbox 1070 3766 1260 3836; x_wconf 88' lang='lat' dir='ltr'>miserabile</span> <span class='ocrx_word' id='word_1_170' title='bbox 1284 3767 1372 3836; x_wconf 89' lang='lat' dir='ltr'>visu!</span> 
     </span>
     <span class='ocr_line' id='line_1_28' title="bbox 441 3886 1275 3970; baseline 0.005 -18"><span class='ocrx_word' id='word_1_171' title='bbox 441 3887 567 3956; x_wconf 86' lang='lat' dir='ltr'>Fervet</span> <span class='ocrx_word' id='word_1_172' title='bbox 589 3887 646 3954; x_wconf 92' lang='lat' dir='ltr'>ubi</span> <span class='ocrx_word' id='word_1_173' title='bbox 669 3886 833 3955; x_wconf 90' lang='lat' dir='ltr'>vulcanus</span> <span class='ocrx_word' id='word_1_174' title='bbox 855 3887 960 3970; x_wconf 85' lang='lat' dir='ltr'>edax,</span> <span class='ocrx_word' id='word_1_175' title='bbox 984 3887 1144 3955; x_wconf 82' lang='lat' dir='ltr'>incendia</span> <span class='ocrx_word' id='word_1_176' title='bbox 1166 3888 1275 3958; x_wconf 88' lang='lat' dir='ltr'>lucem</span> 
     </span>
     <span class='ocr_line' id='line_1_29' title="bbox 443 4011 1309 4095; baseline 0.002 -17"><span class='ocrx_word' id='word_1_177' title='bbox 443 4013 533 4079; x_wconf 89' lang='lat' dir='ltr'>Dant</span> <span class='ocrx_word' id='word_1_178' title='bbox 554 4011 698 4095; x_wconf 87' lang='lat' dir='ltr'>claram,</span> <span class='ocrx_word' id='word_1_179' title='bbox 722 4011 855 4081; x_wconf 88' lang='lat' dir='ltr'>nebulis</span> <span class='ocrx_word' id='word_1_180' title='bbox 876 4015 912 4081; x_wconf 92' lang='lat' dir='ltr'>et</span> <span class='ocrx_word' id='word_1_181' title='bbox 934 4011 1211 4081; x_wconf 85' lang='lat' dir='ltr'>circumvolvitur</span> <span class='ocrx_word' id='word_1_182' title='bbox 1232 4031 1309 4083; x_wconf 91' lang='lat' dir='ltr'>aer:</span> 
     </span>
    </p>

    <p class='ocr_par' dir='ltr' id='par_1_9' title="bbox 355 4137 1305 4350">
     <span class='ocr_line' id='line_1_30' title="bbox 355 4137 1289 4220; baseline 0.002 -15"><span class='ocrx_word' id='word_1_183' title='bbox 355 4139 399 4205; x_wconf 88' lang='lat'>85</span> <span class='ocrx_word' id='word_1_184' title='bbox 442 4137 496 4207; x_wconf 89' lang='lat' dir='ltr'>Sic</span> <span class='ocrx_word' id='word_1_185' title='bbox 518 4137 688 4207; x_wconf 88' lang='lat' dir='ltr'>horrenda</span> <span class='ocrx_word' id='word_1_186' title='bbox 709 4137 802 4206; x_wconf 89' lang='lat' dir='ltr'>cavis</span> <span class='ocrx_word' id='word_1_187' title='bbox 823 4138 922 4207; x_wconf 88' lang='lat' dir='ltr'>ardet</span> <span class='ocrx_word' id='word_1_188' title='bbox 945 4137 1136 4207; x_wconf 85' lang='lat' dir='ltr'>iomacibus</span> <span class='ocrx_word' id='word_1_189' title='bbox 1159 4140 1289 4220; x_wconf 87' lang='lat' dir='ltr'>Aetna,</span> 
     </span>
     <span class='ocr_line' id='line_1_31' title="bbox 441 4260 1305 4350; baseline 0.005 -22"><span class='ocrx_word' id='word_1_190' title='bbox 441 4262 528 4328; x_wconf 89' lang='lat' dir='ltr'>Dum</span> <span class='ocrx_word' id='word_1_191' title='bbox 551 4260 654 4328; x_wconf 75' lang='lat' dir='ltr'>drudo</span> <span class='ocrx_word' id='word_1_192' title='bbox 676 4264 810 4330; x_wconf 87' lang='lat' dir='ltr'>eructat</span> <span class='ocrx_word' id='word_1_193' title='bbox 831 4261 985 4348; x_wconf 89' lang='lat' dir='ltr'>scopulos</span> <span class='ocrx_word' id='word_1_194' title='bbox 1006 4262 1182 4350; x_wconf 86' lang='lat' dir='ltr'>ignitaque</span> <span class='ocrx_word' id='word_1_195' title='bbox 1204 4281 1305 4348; x_wconf 88' lang='lat' dir='ltr'>saxa,</span> 
     </span>
    </p>

    <p class='ocr_par' dir='ltr' id='par_1_10' title="bbox 441 4385 1274 4473">
     <span class='ocr_line' id='line_1_32' title="bbox 441 4385 1274 4473; baseline 0.007 -23"><span class='ocrx_word' id='word_1_196' title='bbox 441 4385 490 4452; x_wconf 85' lang='lat' dir='ltr'>Ac</span> <span class='ocrx_word' id='word_1_197' title='bbox 513 4385 641 4452; x_wconf 88' lang='lat' dir='ltr'>tonitru</span> <span class='ocrx_word' id='word_1_198' title='bbox 663 4402 821 4454; x_wconf 86' lang='lat' dir='ltr'>succussa</span> <span class='ocrx_word' id='word_1_199' title='bbox 842 4385 940 4470; x_wconf 81' lang='lat' dir='ltr'>gravi</span> <span class='ocrx_word' id='word_1_200' title='bbox 963 4386 1139 4456; x_wconf 90' lang='lat' dir='ltr'>Trinacria</span> <span class='ocrx_word' id='word_1_201' title='bbox 1160 4387 1274 4473; x_wconf 84' lang='lat' dir='ltr'>pallet</span> 
     </span>
    </p>
   </div>
   <div class='ocr_carea' id='block_1_3' title="bbox 441 4508 1261 4598">
    <p class='ocr_par' dir='ltr' id='par_1_11' title="bbox 441 4508 1261 4598">
     <span class='ocr_line' id='line_1_33' title="bbox 441 4508 1261 4598; baseline 0.007 -24"><span class='ocrx_word' id='word_1_202' title='bbox 441 4508 589 4577; x_wconf 85' lang='lat' dir='ltr'>Evasere</span> <span class='ocrx_word' id='word_1_203' title='bbox 611 4525 730 4576; x_wconf 91' lang='lat' dir='ltr'>omnes</span> <span class='ocrx_word' id='word_1_204' title='bbox 752 4509 920 4592; x_wconf 90' lang='lat' dir='ltr'>domibus,</span> <span class='ocrx_word' id='word_1_205' title='bbox 946 4511 1111 4598; x_wconf 83' lang='lat' dir='ltr'>tectisque</span> <span class='ocrx_word' id='word_1_206' title='bbox 1135 4513 1261 4580; x_wconf 88' lang='lat' dir='ltr'>relictis</span> 
     </span>
    </p>
   </div>
   <div class='ocr_carea' id='block_1_4' title="bbox 0 0 1792 5376">
    <p class='ocr_par' dir='ltr' id='par_1_12' title="bbox 0 0 1792 5376">
     <span class='ocr_line' id='line_1_34' title="bbox 0 0 1792 5376; baseline 0 2"><span class='ocrx_word' id='word_1_207' title='bbox 0 0 1792 5376; x_wconf 95' lang='lat' dir='ltr'> </span> 
     </span>
    </p>
   </div>
  </div>
 </body>
</html>
