3560 5368
524 541 570 592 nn
592 541 709 592 unere
726 537 965 591 rnnncnssrn
982 557 1001 571 -
1017 537 1153 588 neseis
1170 535 1219 584 vn
1412 515 1477 579 305

376 665 588 750 compositae
611 668 789 752 postquam
810 664 974 747 exuviae,
998 663 1175 746 luctusque
1196 656 1343 734 resedit,

464 791 620 878 Quisquis
641 791 730 874 abit,
754 791 882 860 circum
904 791 1021 859 cetere
1042 791 1143 857 necte
1165 788 1278 856 silent.

378 918 514 985 interea
535 917 707 987 tumulum
730 935 870 986 romano
897 916 1006 985 milite
1028 915 1192 1000 cingunt:

465 1045 540 1111 Heu
562 1061 660 1112 mens
682 1043 804 1112 caeca!
830 1043 899 1111 Dec
921 1041 1084 1128 numquid
1107 1042 1224 1109 ebeoee
1246 1036 1369 1125 petest

290 1168 334 1232 25
379 1168 453 1234 Tun
475 1169 551 1236 Iesu
573 1169 724 1237 retinere
746 1169 846 1254 putas
867 1166 910 1235 de
932 1169 1042 1234 morte
1066 1164 1298 1252 triumphum,
1498 1135 1506 1146 ⁸

467 1294 583 1362 't'ertia
604 1311 708 1380 quum
730 1294 831 1362 terris
852 1293 1031 1380 splendida
1054 1293 1113 1361 iux
1134 1291 1266 1361 ederit?

379 1417 470 1486 Fessi
493 1418 648 1488 custodes
669 1436 789 1487 somno
811 1419 958 1505 vinoque
981 1417 1205 1486 recumbunt:

468 1545 511 1610 nt
532 1561 615 1612 vero
637 1543 732 1612 nulle
756 1543 843 1611 iesse
866 1543 1003 1626 labore,
1026 1543 1146 1611 dolens

378 1668 527 1752 Evigilat
549 1687 626 1737 mea
648 1669 754 1755 Virgo
775 1668 939 1755 sedetque
962 1668 1143 1737 immobilis
1164 1670 1286 1750 antro,

291 1791 335 1856 30
468 1791 625 1874 Nigranti
649 1790 725 1858 velo
747 1791 855 1860 tristis
876 1792 997 1877 operta
1018 1793 1130 1877 ceput.

381 1912 488 1980 Multa
509 1931 651 1982 movens
671 1913 787 1983 animo
810 1914 928 1982 recolit
951 1931 1055 2000 quum
1076 1931 1226 1999 paupere
1248 1914 1339 1980 tecto

468 2037 670 2106 Naneridum
692 2008 805 2106 oranti
829 2038 971 2106 nuntius
993 2038 1075 2106 Ales
1095 2039 1209 2118 adest,

381 2162 659 2250 conceptumque
681 2163 810 2244 Deum,
833 2160 925 2230 dictu
948 2160 1121 2230 mirabile!
1146 2160 1281 2246 pandit,

470 2284 694 2354 Partbenidos
716 2284 798 2371 quin
822 2284 887 2352 boc
909 2283 1036 2353 officiat
1058 2283 1188 2352 decori:

291 2409 336 2475 35
380 2409 422 2475 Et
444 2409 569 2494 repetit
590 2407 700 2476 visam
722 2407 953 2476 Elisabetbem
974 2409 1011 2474 et
1031 2405 1158 2493 gaudia
1180 2407 1298 2492 pertus

468 2532 601 2616 bivini,
632 2531 723 2600 laeta
745 2533 782 2599 et
803 2531 959 2600 carmina
985 2531 1232 2614 pennigerumx

247 2721 249 2726 ,
382 2654 583 2724 Betbiaeum
605 2657 649 2722 ed
671 2655 856 2737 stabulum,
880 2657 915 2723 et
939 2655 1029 2724 felici
1052 2655 1154 2723 nocte
1176 2655 1315 2720 vocatos

468 2781 646 2864 Pastores,
669 2799 756 2867 pure
777 2796 922 2848 munera
942 2777 1015 2848 lata
1036 2795 1162 2846 manu:

382 2904 424 2971 Et
445 2904 613 2989 subeunt,
636 2905 728 2971 ducti
753 2903 810 2991 qui
833 2903 920 2971 miro
941 2901 1074 2986 sidere,
1097 2917 1197 2986 reges

295 3031 338 3096 40
469 3031 555 3114 Tus,
578 3047 721 3111 aurum,
757 3028 955 3114 myrrham
978 3025 1255 3113 mysticabant,
1280 3023 1414 3093 ierunt:

383 3154 426 3220 Et
447 3171 605 3222 crescens
626 3153 754 3222 virtute
776 3154 886 3235 Puer,
910 3150 1141 3221 crescentibus
1163 3149 1284 3230 annis,

470 3280 513 3347 Et
535 3278 621 3346 febri
643 3277 748 3366 longo
769 3279 860 3348 lasse
881 3278 997 3346 labore
1020 3293 1163 3346 manusc

382 3401 513 3489 Quique
536 3401 647 3488 praeit
670 3403 796 3483 Vates,
820 3401 973 3471 Iordanis
994 3403 1031 3468 et
1053 3399 1161 3469 abluit
1183 3397 1294 3478 unde,

469 3527 518 3591 Ac
542 3525 677 3593 missum
701 3523 804 3593 iudae
827 3526 996 3593 monstrat
1017 3524 1134 3593 edeaec
1158 3523 1285 3605 Deum;

296 3647 338 3712 45
383 3649 494 3733 Atque
516 3647 638 3716 avidae
660 3665 787 3734 magne
809 3650 983 3717 certantes
1003 3647 1142 3734 agmine
1166 3646 1305 3726 turbae,

470 3773 564 3848 Quae
587 3771 760 3858 pendent,
783 3771 899 3839 divum
915 3790 1018 3860 quum
1040 3770 1116 3838 duit
1138 3769 1328 3856 eloquium,

382 3895 582 3982 Obiitaeque
603 3896 655 3964 sui
678 3895 830 3978 instant,
854 3895 1047 3981 oblitaeque
1068 3912 1227 3975 suorum,

471 4025 514 4092 Et
535 4023 692 4093 miranda
713 4026 854 4110 stupent
883 4026 920 4091 et
943 4023 1123 4093 benefecta
1144 4022 1239 4090 Viri:

382 4147 433 4216 Ac
454 4147 585 4233 proles,
609 4147 728 4239 mortis
750 4147 819 4215 iam
842 4149 1001 4233 questus,
1025 4146 1159 4214 reddita
1180 4147 1306 4227 matri,

297 4275 341 4339 50
472 4273 523 4340 Ac
545 4274 635 4358 putri
658 4275 793 4344 excitus
814 4275 960 4342 nazarus
981 4290 1000 4340 c
1023 4271 1174 4340 tumulo:

385 4399 427 4464 Et
449 4396 544 4482 plebs
566 4399 772 4478 exaturata,
795 4399 832 4464 et
853 4396 983 4466 laetum
1006 4412 1166 4477 carmen,
1195 4397 1337 4463 erentes

472 4523 565 4599 Quod
588 4523 702 4608 palma
725 4526 829 4609 atque
852 4522 934 4591 oleis
956 4521 1173 4608 ingeminant
1201 4523 1307 4608 pueri.

1352 4665 1384 4712 so
