3564 5376
323 499 365 560 48
793 513 1056 567 urcuaunumos

430 618 523 688 Idem
545 619 652 688 divini
675 625 787 692 custos
813 623 928 710 gregis
952 625 1056 710 atque
1079 623 1250 710 magister.

320 743 384 810 460
428 744 515 812 Hinc
536 747 683 814 subeunt
704 765 788 816 sexu
809 747 960 818 distincti
982 766 1023 818 ac
1045 749 1198 818 coetibus
1218 765 1358 832 omnes,

427 870 491 947 Qui
513 873 677 940 muudum
699 873 792 942 exosi
813 891 912 944 sacra
932 873 1026 942 iuter
1047 875 1140 944 tecta
1154 873 1329 956 dieantur;

425 997 508 1066 Inde
530 997 718 1084 puellarum
741 1015 968 1086 puerumque,
991 1001 1027 1068 et
1046 1002 1163 1069 cetera
1185 1000 1286 1070 turba

425 1123 657 1207 Romulidum,
680 1123 885 1210 viduaeque,
910 1123 1015 1209 iugali
1037 1143 1079 1194 ac
1101 1125 1416 1208 foedereiunctos,

425 1249 467 1317 lit
489 1249 564 1335 pius
584 1249 736 1318 exoritur
758 1249 903 1335 clamor,
937 1249 1106 1337 collesque
1128 1250 1307 1320 resultant

318 1376 383 1442 465
428 1378 488 1459 Te,
512 1393 625 1443 rerum
641 1375 740 1444 Sator
754 1375 984 1462 omnipotens,
999 1375 1115 1444 divum
1129 1378 1235 1462 atque
1249 1375 1425 1444 bominum
1442 1377 1525 1458 Rex,

426 1502 532 1586 Saepe
556 1505 681 1570 vocant
702 1502 856 1586 hymnis,
878 1504 998 1590 teque,
1024 1522 1045 1570 ο
1067 1503 1259 1572 dulcissima
1281 1503 1405 1587 Virgo,

424 1629 491 1709 Te,
516 1625 676 1706 Michael‚
699 1627 824 1694 summi
844 1625 924 1694 dein
940 1625 1090 1713 quisquis
1109 1645 1147 1696 es
1162 1627 1275 1695 incola
1296 1626 1392 1696 caeli.

511 1754 650 1837 Iamque
681 1751 956 1838 propinquabant
985 1753 1071 1820 turri
1094 1770 1182 1839 quae
1205 1754 1355 1822 maxima
1376 1753 1502 1820 Tibrim

422 1878 604 1963 Prospicit‚
633 1877 695 1944 boc
718 1878 843 1945 dudum
866 1877 1023 1944 miranda
1044 1877 1133 1947 mole
1156 1878 1349 1964 sepulerum

313 2004 379 2070 470
423 2002 554 2086 Aelius,
576 2002 708 2088 imperii
732 2003 859 2070 Romae
882 2002 962 2070 dum
984 2004 1120 2088 sceptra
1149 2005 1304 2086 tenenat,

422 2127 578 2196 condidit
600 2130 637 2198 et
658 2128 770 2213 lapide
793 2128 971 2214 ingentem
993 2128 1184 2196 construxit
1204 2130 1242 2195 iu
1264 2129 1399 2208 orbem;

423 2251 533 2328 Quum
554 2251 665 2320 subito
683 2253 827 2337 apparet
848 2250 982 2320 sublimi
1004 2251 1041 2318 in
1064 2251 1212 2321 culmine
1228 2253 1325 2321 vultu

423 2379 541 2466 Aliger
561 2378 705 2462 insignis
726 2378 843 2464 pulcro
871 2381 908 2446 et
933 2379 1158 2448 candentibus
1186 2380 1310 2449 armis:

423 2506 585 2573 Attamen
608 2505 699 2572 haud
721 2503 904 2590 quidquam
926 2504 1106 2588 minitans,
1130 2505 1212 2591 quin
1228 2523 1287 2574 ore
1307 2505 1456 2592 benigno

313 2631 377 2697 475
422 2628 560 2698 Plebem
582 2629 829 2697 adventantem
851 2628 1096 2726 etsubiectam
1118 2631 1283 2716 conspicit
1320 2631 1456 2712 urbam;

424 2755 525 2823 Ponit
546 2757 583 2822 et
603 2757 762 2823 auratum
784 2771 906 2824 ensem
933 2754 1128 2841 vaginaque
1161 2756 1323 2824 recondit

422 2881 629 2950 continuere
650 2880 794 2964 gradum
813 2879 905 2964 visu,
928 2883 1129 2966 mentesque
1150 2883 1328 2967 stupentes

419 3007 552 3075 Gaudia
572 3007 774 3094 pertentant
796 3004 949 3089 insueta,
976 3007 1012 3073 et
1034 3005 1103 3076 fida
1124 3008 1215 3075 subit
1235 3026 1322 3093 spes.

420 3133 498 3201 Dira
520 3131 592 3200 lues
613 3131 702 3218 fugit
722 3130 913 3217 extemplo,
936 3131 1137 3218 stygiaeque
1160 3134 1323 3202 catervae

310 3261 375 3327 480
421 3259 646 3345 Praerapidae
670 3257 807 3344 lugere,
841 3256 936 3326 dolor
965 3256 1141 3344 luctusque
1164 3260 1306 3342 resedit3

421 3382 619 3481 Romulidae
640 3383 779 3468 gratum
801 3381 927 3450 tollunt
948 3381 1029 3449 binc
1049 3399 1191 3450 carmen
1220 3385 1386 3466 orantes,

419 3509 725 3594 Appmperantque
747 3506 868 3576 aedem
889 3524 1023 3576 sacram
1045 3525 1106 3594 pro
1128 3525 1271 3577 munere
1293 3511 1392 3578 tanto

420 3632 561 3716 Magne,
585 3630 661 3714 tibi,
685 3628 848 3713 Michael,
876 3634 995 3698 votum
1017 3629 1209 3700 immortale
1232 3631 1353 3700 daturi.

504 3756 611 3825 Affuit
633 3756 808 3824 immixtus
829 3756 953 3844 populo
976 3759 1012 3826 et
1034 3756 1175 3825 delubra
1196 3755 1330 3826 subibat

307 3887 373 3953 485
418 3883 479 3952 Vir
502 3884 594 3953 sama
616 3885 734 3966 notus,
758 3883 924 3970 siquidem
946 3883 1115 3952 radicibus
1136 3884 1232 3952 aurei

417 4009 558 4090 Montis,
581 4006 638 4074 ubi
661 4007 784 4075 Petrus
806 4011 927 4076 trunco
950 4025 1132 4094 suspensus
1151 4007 1186 4074 in
1202 4007 1272 4075 alto
1295 4010 1364 4092 est,

415 4121 623 4223 laniculique
645 4153 778 4202 sacram
807 4134 956 4222 pertudit
977 4134 1146 4220 sauguine
1168 4136 1318 4201 terram:

419 4261 534 4328 Vitam
556 4261 666 4346 agitat
687 4263 805 4330 duram
828 4277 969 4328 saxosae
992 4259 1085 4344 rupis
1106 4260 1144 4326 in
1165 4263 1275 4328 autre.

417 4387 479 4456 Hic
500 4387 662 4470 incultus,
687 4387 801 4472 inops,
834 4385 956 4470 grandi
978 4385 1173 4474 spectabilis
1193 4404 1299 4470 aero,

307 4511 372 4580 490
416 4513 522 4580 Nocte
544 4510 665 4596 dieque
688 4527 806 4595 preces
828 4507 956 4591 fundit,
980 4509 1108 4578 ieiunia
1130 4508 1235 4594 longa
