3576 5376
313 527 379 593 338
709 541 794 592 rrnn
812 539 933 592 cavom
957 543 979 592 1.
996 542 1025 593 c.
1042 541 1074 594 o.
1091 543 1125 593 u.

335 669 379 735 25
423 667 457 734 Si
479 667 571 752 rapis
592 666 735 736 iniemis
756 667 841 736 alios
862 684 907 735 ex
928 666 1115 752 unguibus,
1143 669 1179 736 et
1202 669 1237 736 te

510 791 632 879 Eripe,
655 794 693 862 et
713 809 787 861 esee
809 794 916 863 Deum
937 795 1020 860 tuuc
1042 793 1103 860 tibi
1125 793 1221 861 certa
1241 789 1333 859 tides.

421 914 591 1001 Sacrilego
614 933 771 1002 proceres
791 917 994 986 morientem
1017 915 1070 985 hie
1092 934 1150 986 ore
1180 917 1368 998 laoeoeunt,

509 1039 680 1109 insultant
701 1039 792 1124 risu,
814 1041 1082 1128 concutiuntque
1103 1043 1216 1128 caput

421 1165 512 1232 Qus
534 1165 691 1251 ingrata!
727 1182 834 1234 vorax
857 1168 892 1233 te
914 1167 962 1235 sic
984 1165 1143 1234 absumat
1162 1165 1324 1250 abyssus,

333 1291 377 1356 30
507 1289 560 1358 Sic
583 1291 653 1360 icta
674 1290 712 1358 in
733 1279 886 1360 cinerem
910 1292 1060 1362 fulminis
1086 1293 1168 1377 igne
1188 1310 1278 1360 ruas

421 1413 485 1481 Sed
509 1415 589 1502 quid
610 1415 724 1502 egomt
748 1417 830 1486 Iuda
852 1417 994 1501 infelix,
1015 1435 1104 1504 quae
1126 1435 1230 1486 caeca
1252 1416 1314 1486 tibi
1336 1431 1454 1498 mens,

509 1537 602 1613 Quae
626 1538 716 1626 riget
738 1539 880 1608 immani
904 1543 1041 1626 pectore
1063 1541 1150 1609 dura
1170 1539 1279 1609 eilexi

423 1663 545 1730 Nonne
568 1666 664 1731 tuum
686 1664 799 1732 cernis
821 1665 950 1751 Regem
974 1665 1219 1751 Dominnmque
1242 1665 1435 1749 Deumque,

509 1787 713 1873 Iampridem
736 1789 835 1856 vates
857 1807 959 1875 quem
981 1790 1137 1859 cecinere
1160 1787 1236 1857 tuit

332 1915 377 1980 35
422 1913 622 1999 Longinquo
645 1930 744 2000 reges
766 1914 946 1983 venientes
971 1914 1071 1983 litere
1094 1915 1147 1982 eoi

510 2035 562 2103 Ad
584 2037 774 2122 stabulum,
797 2039 884 2124 Regi
907 2055 1051 2107 munera
1071 2039 1156 2107 dant
1178 2040 1308 2106 Puero:

422 2159 563 2228 Pontius
585 2159 677 2226 bunc
700 2160 803 2229 Iudae
825 2160 1008 2247 compellat
1030 2162 1170 2230 nomine
1192 2163 1344 2248 Regem,

511 2285 609 2350 Hunc
631 2283 735 2353 Iudae
758 2285 888 2368 Regem
910 2287 1037 2372 scripta
1058 2284 1186 2382 tabella
1206 2286 1345 2367 monet;

422 2409 521 2476 Hunc
544 2411 789 2494 expecierunt,
820 2409 890 2478 alto
912 2410 1056 2496 suspiria
1076 2412 1178 2479 corde

334 2535 377 2600 40
508 2534 718 2620 Fervidaque
740 2536 872 2623 antiqui
896 2539 977 2605 vota
999 2536 1122 2606 dedere
1150 2539 1273 2622 patres

419 2659 482 2725 Hic
506 2659 614 2745 pirarii
638 2677 699 2745 per
721 2661 873 2729 menstra
894 2660 1067 2748 abrumpit
1094 2660 1198 2747 longa
1226 2662 1366 2746 tyranni

511 2781 679 2868 Vincula,
713 2783 794 2850 dum
815 2783 921 2852 nimio
944 2784 1033 2854 colla
1054 2784 1167 2854 labore
1190 2785 1323 2872 premit.

405 2885 485 2975 'Hic
507 2925 603 2976 mare
625 2908 834 2994 persiccum
856 2909 966 2978 scissis
988 2910 1049 2978 tibi
1080 2909 1226 2997 prodidit
1248 2909 1347 2977 undis

512 3031 634 3098 Mirum
656 3031 738 3114 iter,
763 3035 799 3099 et
820 3033 936 3101 nimbo
957 3033 1027 3101 tela
1049 3033 1187 3102 inimica
1209 3035 1287 3102 ruit.

334 3159 378 3223 45
421 3157 463 3222 Et
486 3155 567 3222 dum
588 3155 638 3223 sol
660 3155 776 3224 tricies
797 3155 975 3244 deciesque
999 3157 1187 3226 revolvitur
1208 3161 1310 3242 orbe,

511 3280 667 3348 insuetas
687 3279 775 3347 caeli
797 3279 902 3348 mittit
924 3280 968 3349 ab
988 3299 1055 3351 axe
1077 3282 1190 3368 dapes

422 3404 465 3472 Et
486 3403 548 3473 tibi
571 3421 633 3506 per
655 3404 767 3473 varies
788 3423 905 3491 cesus,
928 3424 989 3492 per
1011 3405 1120 3491 bella,
1151 3425 1212 3494 per
1233 3407 1346 3476 hostes

511 3528 695 3607 Incolumi,
719 3528 811 3597 laeta
832 3529 891 3598 dat
914 3531 1054 3618 regione
1077 3532 1159 3600 inuio

423 3653 506 3720 Tam
530 3654 618 3720 bene
640 3651 668 3720 si
692 3652 733 3720 de
757 3655 791 3722 te
814 3654 959 3738 meruit,
981 3655 1127 3726 crudelis
1153 3657 1257 3741 Iuda,

336 3779 379 3845 50
511 3778 618 3845 Parce
640 3776 713 3859 olli3
736 3779 808 3846 toto
830 3796 969 3866 corpore
992 3780 1134 3867 sanguis
1154 3780 1278 3850 hebet:

425 3901 554 3967 Parce:
575 3899 698 3985 ecquid
719 3899 800 3968 diris
823 3902 982 3970 miserum
1004 3902 1197 3990 discerpere
1218 3901 1367 3986 linguisi

510 4023 622 4092 Audin
648 4043 843 4112 supremum
866 4028 1016 4114 supplice
1038 4045 1121 4096 voce
1143 4027 1260 4114 loquil

426 4147 484 4215 lile
508 4147 569 4216 tibi
594 4151 713 4217 exorat
736 4149 891 4233 veniam,
915 4150 1083 4238 nullisque
1105 4152 1245 4220 tenetur

509 4273 684 4360 Flagitiis;
708 4275 811 4344 Iudae
833 4279 951 4345 tantm
971 4276 1085 4346 adurit
1107 4277 1223 4344 amor!

334 4401 378 4464 55
422 4397 495 4465 Ah!
520 4398 660 4467 tandem
682 4399 856 4484 ingratam
879 4401 1068 4470 benefactis
1090 4419 1177 4470 exue
1200 4404 1372 4481 mentem,

510 4523 586 4590 Diro
610 4525 824 4610 expirantem
847 4525 962 4612 stipite
986 4543 1088 4594 nosce
1118 4527 1233 4594 Deum.
