3560 5368
302 509 367 574 258
768 519 1043 572 rsarunrsmnos

497 650 543 714 At
564 646 685 714 chorus
708 646 881 730 aligerum
902 644 1060 712 sublimia
1081 645 1235 712 carmina
1257 647 1435 732 postquam

412 772 549 838 Dixerat
571 771 770 856 aeternique
793 768 851 837 Dei
875 768 963 854 quod
987 771 1103 836 mente
1125 770 1292 836 statutum

411 893 594 962 Consilium
616 897 737 972 norat,
762 891 936 976 solymaea
957 889 1001 960 ad
1024 890 1143 958 limina
1164 892 1277 977 pergit

301 1019 368 1086 265
412 1017 567 1084 Divinam
589 1035 697 1103 prono
719 1018 906 1084 veneratur
927 1017 964 1084 et
985 1033 1045 1082 ore
1069 1014 1230 1083 Puellam.

411 1145 504 1212 Haec
526 1144 668 1211 curvata
690 1157 781 1226 genu
804 1140 911 1209 cellae
933 1139 1166 1226 penetralibus
1186 1139 1283 1224 imis,

411 1269 536 1337 Mentis
557 1268 594 1334 in
616 1285 757 1336 exeemu
779 1266 901 1353 palmis
922 1265 1093 1353 ecumque
1115 1267 1262 1353 supinis,

411 1397 485 1462 lam
506 1391 774 1479 propinabas,
798 1391 935 1460 fervens
956 1391 1005 1459 sic
1027 1409 1111 1460 voce
1134 1392 1306 1478 protatur:

413 1517 540 1587 Audiat
561 1517 625 1585 hoc
647 1517 801 1599 caelum,
825 1517 925 1586 tellus
946 1516 1011 1585 hoc
1033 1517 1152 1586 audiat
1173 1518 1303 1600 omnis3

304 1646 369 1712 270
413 1646 441 1712 Ο
463 1645 551 1712 Deus
573 1642 811 1728 omnipotens,
835 1641 896 1711 tibi
918 1644 1047 1710 memet
1068 1660 1208 1728 corpore
1233 1646 1305 1712 toto

413 1770 528 1837 Mente
551 1767 732 1854 animoque
755 1767 864 1840 libens
885 1785 1014 1836 voveo:
1039 1767 1146 1836 bonus
1167 1768 1288 1854 excipe
1310 1770 1438 1835 votum.

412 1893 555 1960 Miratur
576 1909 737 1978 superum
761 1889 887 1976 pubes:
915 1893 942 1959 Ο
965 1890 1128 1960 Partheni
1152 1892 1228 1976 dia,

412 2019 465 2086 Ah
487 2017 610 2085 niveae
633 2017 731 2085 tanto
752 2017 780 2083 si
803 2015 1010 2101 virginitatis
1031 2034 1147 2086 amore

416 2141 607 2228 abriperis,
630 2141 748 2208 matris
770 2158 903 2227 quoque
925 2141 1034 2210 honos
1056 2142 1116 2209 tibi
1140 2142 1281 2212 caelitus
1303 2146 1387 2228 uni,

305 2267 371 2332 275
415 2265 479 2332 Uni
502 2265 589 2349 erit,
611 2265 647 2332 et
669 2265 785 2331 divum
806 2265 944 2332 incedes
966 2265 1087 2350 regina
1109 2265 1375 2354 bominumque3

416 2393 526 2458 Unam
547 2391 582 2457 te
605 2407 707 2458 omne
728 2408 839 2476 genus
861 2389 952 2458 dicet
974 2408 1037 2476 per
1056 2390 1170 2459 saecla
1193 2392 1348 2460 beatam!

503 2515 566 2583 Ast
587 2515 680 2582 erebi
703 2515 880 2601 princeps,
903 2515 1091 2584 humanum
1113 2517 1169 2601 qui
1193 2534 1302 2600 genus
1322 2536 1424 2588 omne

415 2641 481 2710 Sub
503 2640 575 2708 diro
597 2645 695 2710 tenet
721 2641 884 2728 imperio,
907 2645 944 2709 et
965 2641 1174 2711 fumantibus
1194 2641 1264 2710 aris

415 2767 588 2852 Sanguine
609 2766 746 2852 pollutis
766 2765 839 2834 dios
859 2766 1000 2838 affectat
1021 2767 1184 2850 honores,

306 2895 371 2960 280
415 2893 611 2961 Adventare
633 2893 739 2960 Deum
759 2891 881 2977 sentit,
905 2893 961 2980 qui
985 2891 1103 2960 fortior
1124 2893 1197 2979 ipso

418 3019 512 3086 Bella
532 3020 648 3104 geret,
672 3018 810 3087 landem
833 3017 917 3086 solio
939 3017 1090 3086 turbabit
1111 3019 1245 3104 iniquo;

417 3146 461 3212 Ut
485 3143 598 3211 tremit
620 3159 678 3210 ore
702 3143 772 3224 leo,
796 3160 954 3211 curarum
978 3142 1119 3212 fluctuat
1139 3146 1254 3229 aestu,

419 3272 460 3338 Et
482 3271 575 3339 rabie
596 3287 759 3338 accensus
781 3270 847 3338 fido
869 3272 916 3338 sic
939 3271 1032 3341 latur
1052 3271 1238 3343 Abaddon:

417 3395 503 3478 Scis,
528 3394 615 3482 quod
638 3395 820 3463 adamitica
842 3395 980 3464 tulimus
1000 3397 1042 3466 de
1064 3399 1169 3485 stirpe
1193 3403 1391 3486 tropaeum,

309 3525 374 3590 285
418 3520 535 3588 Subtili
558 3521 693 3606 partum
716 3520 870 3605 ingenio,
894 3538 966 3588 non
987 3521 1114 3592 viribus
1136 3523 1229 3608 ullls;

418 3647 499 3714 lude
522 3645 697 3714 bominum
719 3649 890 3733 sceptrum
913 3647 1011 3716 nobis
1032 3652 1085 3716 cst
1107 3650 1181 3719 iure
1202 3651 1388 3734 tributum,

417 3773 500 3840 lude
523 3789 624 3839 vocor
646 3772 761 3839 mundi
784 3773 958 3859 princeps,
981 3777 1058 3859 post
1078 3776 1215 3843 saecula
1236 3776 1306 3844 iam
1329 3793 1421 3844 nuuc

420 3899 514 3966 bena
535 3899 656 3984 quater
678 3898 803 3965 iustum
825 3899 1025 3985 imperium,
1048 3918 1113 3968 nec
1136 3901 1270 3970 desinet
1290 3921 1443 3989 uuquam.

419 4026 463 4090 ult
485 4023 541 4109 qui
568 4041 630 4091 nos
650 4023 726 4091 odio
750 4025 873 4109 premit
896 4024 1138 4110 implacabilis,
1161 4044 1258 4110 acar,

260 4119 265 4134 ⁸
309 4151 374 4215 290
420 4149 585 4216 Incendor
607 4149 815 4217 memorans!
840 4169 906 4236 quo
929 4152 1081 4236 tempore
1103 4151 1254 4237 perditus
1277 4153 1385 4222 Adam

417 4277 589 4343 Haerebat
611 4279 728 4344 nostro
750 4275 902 4361 trepidus
923 4275 1041 4361 lateri,
1064 4277 1150 4346 haec
1173 4279 1252 4346 tulit
1274 4281 1327 4347 ira

418 4401 544 4485 Magna
564 4403 802 4484 exardescens,
825 4402 932 4470 vomit
953 4401 1040 4470 haec
1062 4401 1239 4472 horrentia
1261 4408 1382 4474 verba:

420 4527 505 4594 Ecce
527 4527 614 4606 dies,
639 4529 675 4596 et
697 4531 791 4596 certa
813 4528 912 4612 tides,
936 4547 1002 4616 quo
1023 4529 1154 4599 semine
1177 4533 1260 4598 nata
