3576 5376
331 522 397 588 376
880 497 1006 583 vasra'

417 665 500 732 Mel.
524 661 614 729 Heu!
639 659 737 727 nobis
758 657 902 726 infanda
924 657 996 726 dies
1018 674 1087 745 qna
1108 656 1279 726 reddimus
1301 658 1349 726 illi

528 785 673 854 Inferias
694 783 816 852 tumuli
850 785 1055 870 meritosque
1076 783 1227 852 dicamus
1249 783 1410 853 honores!

330 914 374 978 25
527 912 598 978 lloc
621 912 696 977 erat
719 911 758 976 ut
781 907 931 996 querulis
952 908 1139 994 compleret
1161 908 1300 976 vocibus
1321 911 1434 975 actam

526 1036 718 1120 Halcyone,
741 1037 898 1119 gemeret
920 1035 1058 1102 turbato
1080 1037 1117 1102 et
1139 1034 1278 1120 gurgite
1301 1036 1434 1120 pontus.

528 1159 705 1228 indoluere
727 1174 863 1242 omnes,
886 1175 952 1226 nec
974 1158 1113 1226 condita
1135 1159 1251 1226 mente
1275 1161 1436 1226 tenebam

495 1341 497 1348 .
527 1285 613 1351 Fata
633 1282 715 1365 viri,
739 1281 853 1351 iuerat
874 1300 940 1368 quo
964 1299 1034 1349 non
1057 1282 1235 1351 iucundior
1256 1282 1365 1365 alter,

525 1412 614 1487 Quot
635 1407 717 1476 navi
739 1407 917 1476 ausonium
941 1408 1151 1494 perlustrant
1173 1408 1302 1477 retibus
1323 1427 1459 1495 aequor.

329 1537 373 1604 30
420 1538 489 1604 Cet.
521 1535 568 1602 At
590 1551 652 1601 nos
674 1532 893 1618 Pausilypum
916 1536 1069 1619 praestat
1090 1533 1190 1602 modo
1206 1533 1337 1620 visere,
1360 1537 1473 1618 myrto

526 1659 745 1726 Praecinctos
767 1657 879 1725 crines
900 1660 936 1726 et
959 1658 1108 1726 hunereis
1130 1658 1318 1744 cyparissis.

524 1781 723 1850 Iamdudum
746 1779 889 1848 comites
910 1781 976 1847 huc
998 1781 1163 1850 affluxere
1185 1781 1383 1867 propinqui;

525 1906 594 1974 Vos
616 1904 766 1973 calamos
787 1903 907 1971 inliare
931 1903 1010 1972 boni
1034 1907 1070 1970 et
1091 1902 1300 2002 contendere
1323 1908 1426 1970 cantu

525 2029 665 2098 Dicetis:
689 2028 848 2108 memini,
871 2030 1006 2095 starent
1027 2028 1106 2095 dum
1129 2029 1250 2095 robore
1273 2029 1383 2111 vires,

525 2152 703 2222 Cantando
725 2150 924 2220 adcineres
947 2150 1080 2218 tristem
1103 2168 1157 2218 me
1181 2150 1328 2219 condere
1350 2151 1455 2219 soles:

525 2278 571 2344 At
593 2274 692 2343 modo
714 2275 909 2342 confectum
931 2273 1028 2342 senio
1050 2292 1117 2341 vox
1140 2291 1247 2358 aegra
1269 2274 1413 2360 reliquit.

525 2402 615 2487 Ergo
638 2399 749 2486 agite:
773 2416 818 2467 en
843 2397 937 2466 vobis
958 2398 1072 2466 defixa
1093 2396 1223 2466 corella
1246 2401 1368 2466 trunco

523 2527 709 2611 Ostreaque
732 2525 768 2590 et
791 2523 906 2609 plures
927 2540 1068 2590 saxosae
1091 2522 1184 2609 rupis
1206 2522 1337 2603 echini,

525 2649 613 2728 Quin
635 2648 762 2717 siccum
784 2648 894 2715 strata
916 2646 1064 2732 pellucet
1087 2647 1167 2716 litus
1188 2665 1298 2716 arena

326 2778 369 2843 40
524 2777 566 2842 Et
587 2775 753 2861 zephyrus
775 2771 915 2861 placidis
936 2771 1065 2858 aspirat
1087 2773 1213 2841 leniter
1234 2774 1343 2842 undis

414 2904 498 2991 layo.
522 2899 629 2968 Grata
644 2887 749 2982 iubes,
773 2897 934 2982 Celadon,
957 2897 1127 2965 tumulum
1142 2898 1211 2966 iam
1235 2899 1391 2968 venimus
1406 2900 1537 2982 altum;

524 3023 696 3090 Dicamus:
719 3021 801 3090 socii
824 3021 929 3104 longo
951 3020 1047 3089 stant
1069 3019 1188 3087 ordine
1211 3019 1348 3089 circum.

414 3149 498 3217 Mel.
522 3146 690 3214 Maximus
713 3146 751 3211 ut
773 3144 904 3230 superis
925 3145 1027 3213 cessit
1048 3143 1197 3231 piscator
1218 3144 1263 3213 ab
1284 3144 1368 3226 oris,

524 3271 689 3340 Nereides
709 3269 853 3354 flevere,
876 3270 914 3337 et
935 3288 1013 3354 voe,
1035 3270 1140 3338 maris
1160 3287 1320 3357 aequora,
1344 3273 1470 3353 testor,

326 3399 370 3463 45
523 3397 631 3472 Quum
655 3393 804 3462 lacrimis
825 3392 963 3479 perfusa
984 3411 1109 3478 genas,
1132 3394 1241 3462 effusa
1262 3394 1402 3480 capillos

524 3519 701 3588 Clamabat
723 3517 874 3603 Phyllis,
897 3519 1058 3586 miserum
1082 3519 1259 3606 complexa
1282 3519 1442 3605 cadaver,

523 3644 684 3714 Crudeles
707 3647 832 3728 terras,
856 3644 1007 3712 crudelia
1028 3644 1159 3724 sidera,
1184 3651 1221 3712 et
1242 3646 1349 3730 ipsam

524 3769 719 3852 Crudelem,
743 3769 814 3836 cari
837 3769 926 3855 quod
950 3768 1034 3836 vidit
1057 3767 1129 3836 fata
1152 3769 1276 3838 mariti.

524 3899 617 3963 Tunc
642 3911 752 3980 neque
775 3912 836 3980 per
857 3893 1012 3981 scopulos
1034 3898 1070 3962 et
1091 3912 1176 3962 saxa
1198 3894 1373 3964 madentia
1394 3899 1539 3966 Proteus

524 4020 697 4085 immanes
720 4015 792 4100 egit
815 4015 940 4102 phocas
962 4016 1200 4103 horrendaque
1222 4019 1316 4085 cete:

524 4143 594 4210 Nec
616 4138 734 4208 Glauci
758 4139 946 4226 Phorcique
971 4138 1092 4207 chorus
1114 4141 1310 4226 spumantia
1333 4143 1427 4230 rupit

523 4265 714 4348 Marmora,
738 4280 803 4331 nec
826 4262 964 4331 conchis
986 4263 1099 4331 emisit
1120 4281 1299 4332 murmura
1320 4266 1457 4334 Triton:

522 4392 755 4474 utnusquam
778 4388 871 4456 visae
894 4388 1037 4456 choreas
1058 4388 1213 4458 intexere
1235 4392 1418 4477 nymphae.

525 4514 659 4583 Primus
681 4515 839 4582 litoreum
864 4512 1053 4582 modulatus
1076 4532 1216 4583 carmen
1239 4518 1423 4601 Amyntas,
