3576 5376
781 561 895 612 varus
1379 549 1444 615 379

329 689 412 757 Mel.
435 686 494 756 Dic
515 689 634 755 tamen
656 685 783 772 insigni
806 684 959 772 quisnam
982 683 1142 770 dignatus
1164 687 1293 755 honore
1315 691 1376 757 est.

327 816 399 882 Alc.
429 814 558 896 Beros,
582 812 801 894 oMeliboee,
824 811 925 879 heroe
946 811 999 880 his
1021 813 1191 881 montibus
1213 817 1307 882 ortus

239 941 284 1002 25
439 937 516 1024 (Qui
537 956 672 1024 semper
694 937 792 1005 nobis
812 937 911 1004 modo
926 954 1055 1005 numen
1079 935 1282 1026 habebitur),
1305 939 1375 1007 alto

434 1065 508 1133 Stat
529 1064 612 1133 solio
635 1063 835 1151 ingentique
859 1062 948 1131 orbis
969 1063 1030 1130 sub
1052 1063 1141 1132 mole
1163 1064 1305 1133 laborat.

330 1190 410 1258 Mel.
434 1191 461 1258 0
483 1188 608 1275 patria,
631 1206 652 1256 o
673 1187 798 1272 silvae,
822 1188 945 1274 tuque,
969 1205 989 1254 o
1011 1188 1188 1272 Mevania,
1212 1187 1312 1273 felix3

435 1311 549 1396 Felix,
571 1330 592 1380 o
615 1310 802 1394 Clitumna,
826 1311 885 1378 tuo
907 1328 986 1378 cum
1007 1309 1164 1394 tlumine;
1188 1311 1257 1380 iam
1273 1331 1334 1382 rex

421 1437 629 1534 ⁴Flauiorum
652 1436 689 1504 et
711 1453 837 1523 magno
859 1434 982 1503 diceris
1004 1435 1138 1505 Tibride
1161 1437 1278 1530 maior.

434 1563 506 1630 Hoc
527 1564 603 1630 erat
624 1560 787 1630 extremis
809 1560 897 1648 quod
919 1560 1057 1646 rupibus
1079 1561 1254 1647 Apennini

435 1692 609 1760 Insuetum
633 1707 694 1777 per
716 1688 783 1756 iter
805 1686 913 1773 pratis
933 1687 1055 1774 regina
1077 1687 1252 1756 volucrum

433 1814 608 1899 Incubuit,
631 1811 877 1900 strepitumque
900 1810 996 1878 ciens
1017 1811 1214 1898 ingentibus
1227 1813 1310 1897 alis,

433 1944 498 2010 Ter
519 1938 622 2009 celeri
644 1937 771 2006 circum
796 1934 953 2003 volitavit
974 1935 1077 2004 ovilia
1099 1955 1216 2023 cursu,

432 2065 528 2132 Haud
551 2063 645 2131 illam
666 2078 787 2160 pecus,
809 2058 900 2127 haud
923 2058 1016 2127 illam
1039 2059 1184 2130 timuere
1205 2062 1392 2131 columbae.

432 2190 477 2256 At
498 2186 598 2270 mihi,
622 2185 659 2253 ni
681 2184 824 2271 redigis,
849 2185 971 2252 tenues
992 2202 1197 2269 cognoscere
1220 2204 1318 2255 casus

431 2313 490 2380 Est
511 2311 662 2393 animus,
684 2309 712 2377 si
736 2309 836 2377 tanta
857 2309 953 2394 potes
974 2326 1178 2396 componere
1201 2311 1329 2398 parvis:

431 2437 526 2514 Quae
550 2435 622 2505 viss
645 2451 785 2504 enarres
813 2433 922 2502 avidis
943 2452 1066 2520 sequar
1086 2436 1242 2520 auribus,
1277 2437 1395 2506 Alcon.

321 2565 394 2632 Alc.
425 2560 581 2632 Gaseolos
603 2563 780 2646 postquam
803 2559 956 2628 emmens
977 2558 1019 2628 de
1042 2577 1137 2629 more
1159 2578 1221 2647 per
1242 2562 1368 2631 Urbem

431 2686 678 2768 Vendideram,
701 2685 847 2772 patriam
869 2684 979 2752 subito
1000 2704 1204 2772 camposque
1227 2689 1353 2756 reverti

235 2816 277 2881 40
431 2815 528 2883 Mens
550 2811 679 2894 dierat,
702 2811 761 2878 sed
784 2809 903 2894 religio
925 2829 979 2878 me
1001 2813 1156 2898 tempore
1179 2811 1265 2882 testo

430 2939 625 3006 instaurare
647 2936 740 3004 viam
762 2935 890 3018 vetuit3
914 2935 963 3002 sic
984 2937 1056 3005 otia
1070 2955 1207 3022 quaero.

431 3066 503 3132 lam
525 3061 655 3130 medius
675 3079 780 3148 prope
801 3059 851 3128 sol
874 3061 1012 3145 aderat,
1034 3061 1103 3129 iam
1125 3063 1260 3150 tempus
1274 3065 1415 3148 edendi;

431 3190 601 3258 Continuo
623 3188 759 3275 magnis
779 3188 969 3257 rumoribus
991 3189 1128 3260 insonat
1149 3207 1210 3259 aer

432 3315 551 3383 Nescio
572 3330 638 3400 quo
660 3312 807 3380 tonitru:
830 3311 921 3380 laeto
944 3312 1091 3382 clamore
1112 3316 1301 3400 sequuntur

432 3437 651 3520 Romulidae,
673 3435 836 3522 effusique
860 3439 964 3504 ruunt
985 3456 1047 3524 per
1068 3437 1216 3525 compita
1236 3439 1381 3526 passim,

431 3565 498 3630 Per
519 3561 611 3629 vicos
632 3560 839 3647 plateasque.
863 3559 1009 3630 Videndi
1031 3564 1151 3648 captus
1172 3581 1289 3632 amore

429 3686 503 3763 Qua
526 3684 709 3770 properant
730 3683 843 3752 subeo.
866 3684 967 3752 Stant
988 3684 1073 3755 colle
1096 3684 1226 3772 palatia
1247 3705 1378 3756 summo

430 3808 768 3894 Pontificum,atque
779 3809 882 3878 aedes
893 3810 1028 3878 tantum
1040 3810 1259 3878 dominantur
1270 3813 1307 3880 et
1316 3815 1435 3882 urbem

430 3930 604 4008 Quantum
625 3929 771 3999 humiles
792 3929 884 3998 inter
905 3930 1005 4017 pinus
1027 3949 1170 4017 procera
1191 3933 1356 4018 myricas:

427 4056 500 4123 Huc
523 4054 603 4138 iter,
628 4053 683 4122 hic
704 4055 861 4122 stetimus
882 4055 1039 4137 tandem3
1062 4055 1137 4122 tum
1160 4057 1297 4125 vocibus
1319 4057 1415 4143 altis,

427 4181 563 4262 Pastor,
587 4167 638 4262 io,
661 4182 750 4247 bone
773 4181 910 4262 Pastor,
934 4179 983 4264 io,
1007 4181 1169 4248 Poterat
1191 4182 1306 4268 populi
1328 4201 1415 4268 spes

429 4305 474 4372 Ut
495 4307 613 4372 tamen
635 4302 755 4371 edidici
777 4303 881 4390 vulgo
904 4307 1109 4392 Patremque
1131 4306 1326 4394 Deumque,

427 4429 494 4497 Oh!
519 4429 602 4498 mibi
624 4446 711 4516 qnae
734 4429 872 4516 rapiunt
894 4430 1053 4499 insanam
1075 4431 1202 4517 gaudia
1223 4432 1388 4501 mentem!

427 4555 497 4623 Nec
518 4552 672 4624 didicime
693 4557 748 4625 sat
769 4558 839 4626 est:
863 4556 978 4626 animo
1000 4558 1097 4627 sedet
1119 4557 1233 4628 oscula
1248 4561 1368 4629 sancto
