3576 5376
682 719 913 804 nuncia
951 721 996 802 lI

609 941 901 1009 IMPONITVR
939 941 1071 1010 ORVX

348 1653 510 1722 Nativam
532 1652 575 1719 ad
599 1649 720 1718 turrim
743 1647 835 1716 celsa
858 1665 878 1716 e
900 1647 1040 1732 regione
1063 1648 1254 1717 columbam

435 1775 676 1845 alternantem
697 1771 770 1840 alas
792 1774 831 1839 ut
853 1771 947 1840 videt
967 1771 1147 1858 accipiter,

345 1901 463 1982 irruit,
486 1901 523 1967 et
545 1915 708 1984 praeceps
730 1898 839 1964 rostro
861 1895 1061 1982 perstringit
1083 1901 1120 1964 et
1141 1915 1257 1984 ungue

434 2023 610 2102 Securam,
633 2020 742 2107 guttis
764 2019 910 2105 tingitur
930 2019 1011 2087 alba
1033 2020 1143 2088 rubris
1151 2039 1167 2116 3·

280 2153 302 2214 5
345 2150 443 2216 Haud
464 2165 562 2216 secus
584 2145 742 2228 immani,
767 2144 944 2230 praeconis
967 2147 1006 2211 ut
1028 2145 1120 2214 edita
1143 2165 1210 2215 vox
1233 2151 1301 2231 est,

436 2275 565 2358 impete
589 2271 735 2339 tortores
757 2269 941 2337 incubuere
966 2268 1057 2337 Viro.

253 2457 257 2464 .
347 2400 569 2483 Contemptus
591 2395 743 2463 cumrdat
764 2392 859 2480 plebs
881 2396 917 2460 et
939 2394 1095 2463 convicia
1116 2395 1271 2480 linguae,

436 2523 477 2590 ut
500 2523 606 2590 verba
627 2519 666 2586 in
687 2523 844 2587 sanctum
869 2517 980 2606 fundit
1002 2519 1120 2606 iniqua
1141 2521 1257 2589 Deum.

345 2649 530 2718 carnifices
551 2645 694 2716 tacitum
716 2643 877 2728 irrident,
901 2647 1108 2731 versantque
1131 2646 1316 2730 serentem;

264 2777 305 2843 10
435 2775 496 2841 Hic
520 2773 660 2840 barbam
681 2770 817 2853 evellit,
842 2769 956 2838 foedat
979 2771 1034 2837 hic
1056 2788 1118 2838 ora
1139 2771 1220 2841 luto.

286 2901 292 2914 '
349 2899 465 2986 Nuper
486 2901 523 2966 et
544 2899 667 2966 exutas
690 2895 856 2963 festinant
877 2893 1019 2963 reddere
1041 2899 1167 2978 vestes

436 3023 668 3108 Detritamque
691 3021 834 3089 humero
855 3019 1018 3106 diripiunt
1040 3020 1273 3108 chlamydem:

350 3149 510 3218 indutum
531 3148 579 3216 sic
602 3147 742 3234 quisque
766 3145 885 3213 Virum
909 3149 947 3214 nt
968 3146 1147 3232 dignoscat
1168 3148 1313 3232 amictu,

437 3275 561 3342 illudat
583 3276 699 3361 capto,
723 3271 954 3359 despiciatque
977 3289 1083 3340 reum.

267 3403 306 3469 15
350 3403 461 3487 Usque
485 3402 628 3468 manent
647 3398 797 3486 implexa
819 3397 926 3466 comis
946 3397 1138 3485 suffusaque
1162 3401 1241 3468 tabo

439 3527 533 3602 Quae
554 3525 731 3610 stringunt
753 3524 903 3592 lacerum
924 3523 1045 3609 spinea
1066 3527 1159 3596 serta
1181 3528 1292 3612 caput

350 3653 468 3721 Educti
490 3653 581 3720 tetro
602 3650 732 3738 gemini
754 3649 796 3718 de
818 3667 957 3718 earcere
980 3649 1071 3718 iures

437 3778 635 3862 adduntur,
658 3778 783 3846 crudae
806 3776 925 3845 mortis
946 3779 1091 3864 uterque
1114 3797 1236 3847 comes

349 3907 442 3974 Haec
463 3904 544 3972 dum
565 3903 770 3972 vestibrdum
791 3904 875 3970 ante
898 3905 1007 3989 ipsum
1030 3901 1215 3972 malefacta
1235 3907 1423 3989 geruntur,

260 4033 304 4098 20
435 4031 533 4100 Haud
557 4030 672 4116 procul
695 4029 775 4096 hinc
799 4030 889 4097 ferro
912 4030 1005 4098 trabs
1027 4029 1143 4098 Crucis
1164 4031 1234 4099 icta
1256 4035 1365 4100 sonat.

352 4157 478 4244 Impius
498 4157 569 4243 ipse
593 4157 730 4239 Annas,
753 4155 867 4224 caedis
888 4155 945 4241 qui
968 4154 1097 4242 primus
1119 4156 1258 4242 iniquae

437 4285 510 4352 Dux
534 4283 663 4366 suerat,
686 4281 780 4350 rabie
803 4280 935 4364 tigridis
957 4283 1057 4367 urget
1078 4299 1172 4366 opus.

353 4412 455 4479 Parte
478 4408 547 4477 atta
568 4407 684 4492 Indua,
707 4409 763 4476 ubi
785 4407 892 4474 sensit
915 4409 1024 4475 morte
1047 4403 1245 4492 Magistrum

438 4537 657 4620 Mtdctatum‚
682 4537 753 4604 tntu
776 4539 914 4621 pectore
936 4533 1099 4619 diriguit:
