3576 5376
1382 533 1449 602 365

318 771 323 776 Ι
351 684 424 752 lam
445 682 550 771 capiti
563 681 781 769 impendent,
803 679 1033 768 rapientium
1051 682 1203 767 seeptro,
1226 681 1288 748 snb
1310 681 1447 748 umbras

351 812 423 878 lam
445 807 604 890 trudunt3
627 809 716 875 Deus
737 805 809 892 ipse
831 804 894 873 tibi
915 821 998 872 nam
1019 803 1124 890 digna
1145 804 1303 891 rependit
1324 804 1373 873 (7).

126 1004 130 1010 ,
260 933 304 1001 60
348 931 545 1017 Agr-leolam
566 929 610 998 ad
631 930 718 998 haee
739 928 836 998 furiis
857 927 1055 1013 ingentibus
1076 930 1173 999 sotus

348 1059 499 1142 Imperat
519 1055 686 1142 obstringi
709 1054 830 1124 vinulis
852 1057 888 1125 et
908 1071 1046 1123 eoroere
1068 1054 1142 1122 diro

349 1181 565 1270 cappadoces
589 1179 646 1265 (Β),
669 1181 761 1250 saxis
783 1180 867 1268 quin
890 1179 959 1248 imo
981 1178 1134 1265 frangier
1155 1195 1217 1247 ora

353 1307 395 1373 nt
415 1304 513 1373 tundi
535 1305 665 1374 dentes
689 1306 721 1373 It
742 1303 839 1390 largo
860 1301 1000 1372 llumine
1022 1301 1162 1387 sanguis

353 1432 543 1514 Innocuos,
564 1447 631 1498 nec
655 1447 742 1512 vox,
765 1446 831 1498 nee
852 1429 991 1516 questus
1011 1426 1120 1496 fertur
1140 1427 1185 1496 ad
1207 1443 1316 1496 auras

265 1553 310 1621 65
353 1553 416 1622 Ast
436 1552 566 1622 addens
587 1551 720 1621 animos
740 1551 867 1637 cyrion
889 1549 956 1620 ait:
980 1551 1057 1618 llna
1078 1552 1237 1620 catervas

355 1679 452 1748 Mens
474 1677 538 1746 luit
559 1677 699 1748 hostiles
721 1676 829 1760 inter,
851 1676 901 1746 sio
922 1675 1085 1758 vicimus3
1108 1693 1179 1744 una

354 1802 451 1870 Mens
472 1801 571 1871 modo
592 1801 654 1884 sit,
678 1800 785 1869 fortes
804 1800 955 1886 gerimus
976 1800 1056 1880 dum
1078 1797 1209 1885 praelia
1230 1797 1371 1884 Christi,

352 1925 559 2008 Ooomites;
582 1925 759 1994 vinoemus
782 1924 897 1992 enim:
921 1925 1009 1992 Deus
1030 1922 1156 1992 insidet
1176 1923 1248 1994 elta

354 2051 491 2118 Virtute
513 2051 552 2118 et
571 2049 686 2116 firmat
707 2049 807 2116 vires
830 2048 912 2116 Post
934 2047 1018 2116 talia
1041 2047 1152 2132 fatus,

268 2174 312 2240 70
355 2173 489 2242 Doridis
510 2174 583 2260 ipse
604 2172 716 2260 praeit
737 2171 889 2241 numeris
909 2171 1035 2258 aliique
1057 2174 1255 2259 sequuntur.

444 2299 659 2368 Fulmineum
682 2297 816 2368 interea
837 2297 958 2383 Lycias
980 2297 1037 2383 qui
1061 2300 1230 2383 temperat
1251 2316 1399 2384 agmen,

355 2423 505 2492 Advenit
526 2423 777 2510 alloquiturque
799 2421 910 2506 viros,
934 2437 1025 2488 nuno
1050 2419 1162 2490 ferree
1183 2421 1310 2491 mulcet

357 2549 501 2617 Pectora
523 2546 712 2628 blanditiis,
735 2562 829 2614 nune
851 2544 964 2612 verbis
986 2544 1093 2613 instat
1114 2547 1246 2614 acerbis

359 2674 549 2754 Incassum;
572 2671 623 2740 nil
645 2669 747 2740 eorda
767 2671 901 2754 movet,
924 2669 973 2738 nil
996 2671 1113 2738 mente
1135 2672 1251 2740 tenaci

269 2799 314 2866 75
356 2798 485 2868 Heroas
506 2797 619 2885 quatit
640 2797 809 2882 invictos;
831 2795 879 2866 sio
901 2795 1010 2864 ardua
1030 2795 1134 2884 Calpe

360 2925 508 3011 Despicit
526 2925 632 2994 iratos
652 2922 774 2992 flnctus
795 2925 832 2993 et
853 2921 942 2990 mole
964 2939 1027 2989 sua
1047 2925 1126 2990 stat

445 3049 543 3117 Haud
566 3048 682 3136 proeul
706 3051 788 3118 urbe
810 3048 904 3116 leons
925 3047 1102 3134 stagnanti
1123 3047 1261 3134 gurgite
1283 3051 1395 3135 torpet
1402 3068 1412 3133 ;

359 3163 485 3244 Bruma
505 3175 618 3262 viget,
642 3174 725 3243 tl1rit
746 3176 782 3242 et
805 3174 926 3242 boreas
947 3172 1141 3259 algentibus
1162 3173 1242 3256 alis3

360 3298 522 3368 constitit
542 3297 635 3366 unda
656 3298 789 3384 rigens,
811 3298 962 3384 duroque
984 3295 1156 3366 simillima
1176 3317 1259 3366 saxo

274 3425 318 3491 80
361 3422 512 3492 Sustinet
533 3424 570 3490 et
589 3420 758 3509 grandes,
781 3421 945 3490 immania
965 3422 1134 3508 pondera,
1158 3440 1284 3492 currus.

361 3547 578 3636 cappadoces
599 3548 707 3616 nudos
728 3546 822 3616 iubet
845 3546 901 3614 hic
924 3546 1075 3616 hiemare
1098 3549 1265 3632 tyrannus

361 3675 402 3740 In
424 3675 577 3741 noctem:
599 3671 743 3742 iuvenes
765 3671 907 3741 abiectis
927 3670 1076 3740 vestibus
1097 3671 1160 3758 ipsi

361 3797 542 3866 Festinant
562 3795 701 3866 subiisse
723 3796 834 3866 ferum
856 3797 1032 3864 eertamen
1053 3798 1214 3864 ovantes:

364 3920 536 3991 Tormenti
558 3937 668 4006 genus
690 3920 897 3991 horrendum
903 3938 914 4003 ;
937 3920 1029 3989 calor
1051 3919 1188 4007 effugit,
1211 3923 1307 3991 artus

278 4045 321 4114 85
364 4045 461 4115 Aeris
483 4045 593 4114 hiems
613 4047 763 4133 trepidos
784 4045 960 4132 puncturis
981 4044 1057 4131 figit
1077 4046 1203 4130 acutis,

365 4170 543 4239 Contrahit
563 4173 600 4240 et
621 4189 762 4256 nervos,
786 4171 873 4239 livor
893 4169 1096 4239 suffunditur
1118 4172 1211 4253 ater,

368 4297 543 4383 Turgeseit
563 4296 681 4383 pellis,
703 4315 825 4367 caecas
846 4297 981 4382 uritque
1003 4293 1186 4378 medullas3

368 4421 459 4490 Proh
481 4421 575 4491 dolor
596 4421 774 4491 immanis!
798 4422 879 4490 totis
900 4420 979 4489 dein
1001 4418 1128 4506 frigore
1149 4417 1289 4506 sanguis

367 4545 554 4632 Corripitur
575 4547 672 4616 venis
693 4547 730 4614 et
751 4561 893 4632 corpora
914 4543 1180 4631 disrumpuntur.
