3560 5368
702 553 815 604 LIBER
836 553 1016 606 SECVNDVS

361 678 519 744 Humano
545 677 663 744 veniet
685 676 827 760 Mulier,
850 693 939 765 quae
962 683 1120 748 conteret
1140 682 1213 767 ipsa

250 801 316 867 295
360 803 473 888 Teque
499 805 661 888 tuumque
684 805 805 888 caput3
828 803 931 871 niveo
954 807 992 872 tu
1014 808 1075 873 sub
1099 806 1183 891 pede
1207 807 1332 875 lrustra

359 926 484 995 Niteris
505 926 549 994 ad
572 945 721 994 morsum
753 925 893 995 insidias
915 931 952 996 et
974 928 1087 998 illudis
1120 932 1249 1000 inanes.

359 1051 452 1118 llaec
475 1051 606 1134 recolo,
630 1051 752 1136 pavido
774 1050 843 1118 iam
865 1050 998 1136 pridem
1019 1052 1105 1122 haec
1128 1057 1265 1140 pectore
1289 1057 1409 1126 volvo:

208 1258 216 1268 ι
361 1174 489 1258 Cogere
512 1192 605 1242 nune
627 1192 710 1260 ergo
733 1174 840 1258 vires,
871 1192 963 1243 nune
985 1194 1083 1244 arma
1103 1197 1225 1264 parare

361 1300 522 1387 Tempus,
554 1301 590 1367 et
611 1299 792 1385 iudignum
815 1317 907 1366 nuno
930 1303 984 1369 est
1006 1303 1185 1387 prohibere
1209 1310 1399 1373 veternum.

250 1425 316 1490 300
362 1425 436 1510 lpse
459 1426 596 1509 egomet
618 1425 728 1491 terras
749 1422 936 1490 lustrabam
958 1442 1068 1510 nuper
1090 1427 1126 1494 et
1148 1427 1277 1512 altum,

361 1549 566 1636 Praerapido
588 1535 736 1617 volitans
758 1566 863 1633 gyro,
887 1550 982 1636 quasi
1006 1522 1153 1635 llrlguris
1168 1553 1278 1639 ignis,

362 1671 473 1739 Solem
497 1674 723 1756 exurgentem
747 1670 814 1738 vidi
836 1670 1010 1759 solemque
1033 1675 1236 1759 cubantem3
1320 1680 1325 1688 '

363 1795 465 1862 Nobis
485 1797 559 1862 tota
581 1797 634 1862 est
655 1796 750 1862 terra
772 1797 808 1862 et
831 1796 928 1862 nobis
951 1795 1066 1864 omnia
1089 1801 1232 1882 pareut;

362 1921 464 1988 Nobis
486 1921 634 2006 templa,
666 1921 747 1990 licet
770 1920 865 1988 vario
886 1922 949 1988 sub
971 1919 1110 1990 nomine
1133 1903 1284 2008 divum,

252 2045 318 2110 305
363 2047 405 2112 Et
427 2045 523 2112 nobis
545 2047 679 2114 statuae
702 2045 821 2114 crebro
844 2045 1009 2114 tolluntur
1031 2051 1067 2114 et
1089 2065 1170 2116 arae
1182 2066 1192 2131 ;

362 2171 429 2256 Ipsi
451 2170 556 2237 etiam
578 2171 749 2253 lsacidae,
773 2189 842 2238 non
871 2189 1015 2257 usquam
1038 2172 1121 2240 lane
1142 2174 1270 2260 Canopi

363 2294 466 2362 Obliti
487 2294 639 2380 penitae,
661 2313 724 2363 sua
745 2296 819 2362 iura
839 2313 1005 2381 suumque
1028 2297 1189 2365 videntur

362 2419 527 2487 Fastidire
550 2420 696 2487 Ducem:
725 2423 841 2486 tamen
865 2421 929 2487 hoo
951 2423 1004 2488 est
1025 2423 1185 2506 gentibus
1207 2441 1312 2492 unum

363 2546 403 2612 ln
426 2544 515 2612 votis
535 2545 705 2629 quaesisse
728 2546 834 2612 Deum
857 2548 896 2612 ut
917 2546 1082 2631 promissa
1102 2549 1280 2634 rependat.

252 2670 319 2736 310
363 2672 480 2754 Angor
502 2688 589 2756 ego,
622 2670 797 2738 sedenim
824 2670 903 2737 novi
926 2671 996 2739 iam
1019 2673 1157 2741 volvere
1182 2677 1315 2761 tempus

365 2795 459 2870 Quod
482 2794 601 2863 Daniel
623 2794 749 2862 dudum
772 2795 857 2863 vidit
886 2796 1069 2880 Babylonis
1089 2797 1133 2865 ad
1155 2815 1315 2882 amnem;

364 2920 452 2996 Quin
473 2919 543 2988 scio
565 2920 695 2989 servari
718 2919 836 3007 templi
859 2921 950 2987 inter
976 2924 1074 3008 septa
1095 2925 1270 3008 Puellam,

366 3047 482 3114 Mente
505 3051 657 3116 tremens
677 3046 839 3129 memini,
869 3064 977 3134 quae,
1001 3049 1157 3135 quamvis
1179 3051 1294 3137 stipite
1318 3055 1412 3121 oreta

365 3173 536 3242 Primaevi
558 3172 686 3259 patris,
711 3171 835 3240 nostris
857 3191 876 3240 e
899 3171 1026 3241 iuribus
1048 3193 1118 3242 uua

253 3298 320 3364 3l5
364 3297 531 3383 subrepta
552 3297 683 3383 imperii
708 3296 848 3381 effugit3
871 3314 952 3364 nam
975 3299 1122 3383 Signifer
1143 3302 1200 3368 ille

364 3421 426 3498 Qui
449 3441 512 3490 nos
533 3423 676 3490 adverso
699 3420 862 3490 aetheriis
887 3424 1074 3492 certamine
1097 3425 1214 3510 abegit

364 3547 524 3629 Sedibus,
548 3547 637 3615 hanc
660 3547 780 3633 clypeo
802 3548 920 3615 stricto
942 3549 1076 3617 tutatur
1098 3553 1134 3618 et
1155 3569 1247 3620 ense.

366 3673 478 3741 Fallor
499 3672 587 3758 egoi
609 3672 781 3740 insuetum
803 3671 939 3758 Solyma
961 3677 998 3743 et
1020 3676 1174 3744 mirabile
1197 3679 1380 3766 quidquam

366 3797 504 3866 Molitur
524 3797 628 3866 tacite
658 3815 699 3866 ao
720 3797 756 3863 in
780 3815 843 3866 nos
864 3816 963 3866 nova·
977 3798 1066 3868 bella
1089 3802 1248 3870 minatur.

256 3927 323 3992 320
367 3925 444 4007 Eia,
467 3941 550 4009 age,
574 3942 694 4010 rumpe
710 3942 839 4007 moras3
862 3927 901 3992 tu
917 3943 1066 4013 namque
1081 3929 1294 4014 vaferrimus,
1318 3934 1354 3999 et
1378 3951 1468 4019 quac

366 4051 463 4118 Dicta
483 4053 586 4134 tene,
609 4054 645 4119 et
667 4051 775 4120 facilis
796 4052 857 4119 tibi
881 4069 968 4137 quae
992 4054 1156 4122 mandata
1177 4075 1325 4141 capesse.

366 4176 419 4243 Sic
440 4175 506 4243 ait:
530 4180 737 4262 approperat
759 4175 894 4244 fraudes
915 4178 951 4244 et
973 4177 1081 4245 nectit
1103 4179 1277 4248 Abaddon.

453 4303 577 4370 Servus
598 4305 675 4370 erat
697 4301 814 4389 templi
837 4304 977 4370 Gabaon
1004 4322 1199 4392 poenasque
1222 4307 1339 4376 luebat

367 4430 531 4513 Tempore
552 4429 621 4496 iarn
644 4429 768 4514 longo,
799 4427 923 4495 fortem
946 4428 1035 4512 quod
1058 4429 1146 4499 fallit
1169 4432 1272 4501 Iudae

255 4553 322 4621 325
365 4553 546 4624 Ductorem
567 4557 681 4636 losue,
706 4553 841 4640 quando
863 4553 1097 4624 chananitidis
1120 4561 1213 4626 errat
