3564 5376
329 508 373 574 42
759 589 762 596 ¹
802 519 1063 572 uionannuinos

436 652 528 720 Haec
550 651 683 734 dicens,
706 649 797 717 ulnis
818 649 979 716 iuvenem
1002 649 1197 736 complexus
1218 648 1370 736 utrisque

439 775 539 842 Lenit
560 776 597 842 et
618 773 760 872 euuviis¹
770 774 935 861 paulatim
957 773 1109 841 tristibus
1131 775 1235 841 arcet.

438 899 484 967 At
506 901 574 967 iam
596 899 772 986 Sipontum
794 898 904 966 delent
928 898 1151 966 moestissima
1173 895 1274 964 turba

325 1021 392 1088 270
437 1021 637 1089 Exanimem
644 1039 653 1103 ;
678 1023 840 1090 resonant
862 1020 1019 1106 lugubria
1039 1019 1193 1088 carmina
1216 1019 1361 1104 templo,

438 1147 528 1215 Vota
549 1149 618 1216 Deo
640 1146 805 1236 fundunt,
828 1145 910 1214 fletu
932 1146 1107 1232 lucemque
1131 1148 1331 1231 precantum

441 1270 608 1340 Ardentes
629 1271 757 1338 circum
780 1271 918 1352 taedae,
941 1270 1083 1337 sublime
1107 1271 1255 1337 cadaver

439 1397 623 1482 Imponunt
642 1397 732 1464 lecto
755 1398 791 1463 et
813 1394 988 1482 panchaeo
1010 1397 1086 1464 ture
1110 1398 1292 1481 vaporant;

442 1521 588 1589 Victima
610 1522 740 1589 devotis
761 1521 836 1590 sine
857 1522 1027 1608 sanguine
1048 1520 1199 1588 redditur
1219 1522 1289 1590 aris

330 1646 396 1714 275
441 1647 547 1716 Grata
570 1648 654 1714 Deo:
677 1647 790 1751 iustae¹
809 1665 873 1716 nec
894 1647 1018 1718 desunt
1041 1648 1192 1733 praemia
1213 1648 1330 1715 laudis.

439 1773 523 1840 Dein
546 1772 675 1840 tumulo
697 1791 818 1858 corpus
838 1790 934 1840 sacro
956 1771 998 1839 de
1022 1791 1115 1840 more
1138 1772 1345 1858 recondunt,

438 1898 717 1984 Moerentemque
740 1915 874 1965 crucem
897 1899 1030 1984 ponunt
1051 1900 1088 1965 et
1110 1898 1262 1966 carmine
1284 1899 1441 1982 signant:

437 2057 481 2070 —
502 2021 529 2089 O
552 2023 694 2106 Drymus
715 2021 826 2104 salve,
851 2023 955 2108 atque
976 2023 1157 2090 aeteruum
1179 2040 1263 2108 pace
1286 2021 1418 2089 fruaris
1444 2058 1483 2072 -

438 2145 573 2216 Inferiis
594 2148 734 2214 tandmn
757 2146 902 2233 expletis
924 2147 1086 2234 iustisque
1108 2147 1246 2229 solutis,

329 2272 395 2340 280
438 2273 637 2340 Instaurant
658 2289 759 2357 opus,
782 2273 940 2358 optantes
961 2273 1165 2340 Laurentius
1187 2274 1305 2358 urget:

438 2397 568 2483 Quique
583 2398 763 2484 ⁸peregrini
786 2397 925 2482 Byzanti
948 2416 968 2464 e
990 2397 1089 2466 litore
1107 2369 1222 2483 ¹nuper

439 2522 637 2606 invenere,
660 2523 814 2591 animum
835 2523 1048 2610 studiumque
1070 2524 1264 2591 lubentibus
1285 2521 1423 2590 addunt.

438 2647 717 2734 Quandoquidem
740 2647 893 2716 referunt
916 2647 1059 2717 Michael
1082 2649 1241 2735 portenta
1264 2647 1406 2716 Colossis

440 2773 575 2851 Quanta
597 2774 706 2856 dedit,
730 2791 835 2860 quum
856 2791 893 2842 se
916 2772 1099 2842 manifesta
1120 2774 1195 2842 luce
1219 2771 1401 2841 videndum

330 2899 396 2966 285
440 2899 586 2981 Obtulit,
610 2902 646 2966 et
668 2917 763 2969 mare
786 2918 983 2968 concussum
1006 2901 1075 2982 est,
1099 2903 1136 2966 et
1158 2903 1251 2968 terra
1274 2896 1448 2984 profundis
1539 2873 1542 2878 ⁵

441 3022 654 3091 Contremuit
676 3023 830 3106 latebris,
853 3027 890 3090 et
912 3021 1155 3091 Constantinus
1177 3021 1247 3089 eois

440 3145 579 3214 Finibus
601 3146 734 3232 imperii
756 3147 914 3233 princeps
935 3163 1040 3232 quum
1062 3144 1223 3214 conderet
1245 3143 1381 3227 urbem,

440 3270 584 3340 Caelesti
607 3270 748 3339 delubra
769 3273 846 3339 duci
868 3273 1042 3340 statuebat
1071 3273 1108 3340 et
1127 3287 1223 3338 aras:

441 3397 528 3465 Hinc
550 3397 664 3484 populi
684 3397 812 3484 pietas,
836 3397 924 3466 festa
944 3399 980 3465 et
1003 3397 1154 3484 repetita
1174 3393 1366 3482 quotannis

331 3523 398 3591 290
443 3523 538 3590 Talia
559 3522 650 3592 diota
672 3523 754 3591 viris
774 3526 811 3592 et
831 3523 953 3592 summi
984 3523 1146 3610 principis
1167 3538 1288 3589 aurum
1433 3545 1438 3570 .

443 3649 652 3734 Muneraque
674 3647 862 3716 incendunt
882 3648 1032 3729 animos;
1056 3665 1134 3734 pars
1156 3647 1286 3714 viscera
1309 3643 1434 3712 montis

443 3773 649 3840 Portentant
672 3772 762 3840 ferro
790 3775 894 3860 atque
927 3773 1083 3858 ingentia
1105 3789 1188 3840 saxa
1210 3770 1407 3850 revolvunt;

441 3898 468 3963 ll
488 3897 582 3964 silvis
603 3916 682 3985 pars
703 3898 798 3983 ligna
820 3899 979 3982 trahunt,
1002 3898 1217 3986 laquearibus
1239 3899 1338 3984 apta,

441 4023 669 4110 Pinorumque
692 4027 822 4108 trabes,
847 4028 884 4092 et
906 4026 990 4094 duro
1012 4025 1132 4092 robore
1153 4041 1315 4109 quercus,

334 4151 400 4217 295
443 4151 657 4220 Fuloimenta
679 4154 803 4238 parant
826 4151 1277 4238 temp10,etsectaabiete
1300 4149 1397 4234 tigna

445 4279 656 4362 Contexunt,
679 4279 894 4365 caeduntque
915 4277 1056 4346 immani
1079 4277 1167 4344 mole
1190 4277 1381 4343 columnas:

443 4404 615 4473 Effodiunt
635 4405 694 4473 alii
715 4407 791 4474 imis
814 4405 1037 4472 fundamenta
1058 4402 1196 4471 latebris

445 4533 586 4618 Abdita,
607 4533 766 4602 sublimes
787 4532 916 4600 ducunt
937 4531 981 4599 ad
1002 4530 1114 4598 sidera
1136 4547 1257 4596 muros.
