<?xml version="1.0" encoding="UTF-8"?>
<!DOCTYPE html PUBLIC "-//W3C//DTD XHTML 1.0 Transitional//EN"
    "http://www.w3.org/TR/xhtml1/DTD/xhtml1-transitional.dtd">
<html xmlns="http://www.w3.org/1999/xhtml" xml:lang="en" lang="en">
 <head>
  <title>
</title>
<meta http-equiv="Content-Type" content="text/html;charset=utf-8" />
  <meta name='ocr-system' content='tesseract 3.04.00' />
  <meta name='ocr-capabilities' content='ocr_page ocr_carea ocr_par ocr_line ocrx_word'/>
</head>
<body>
  <div class='ocr_page' id='page_1' title='image "./carmina00morigoog_0202.png"; bbox 0 0 3472 5360; ppageno 0'>
   <div class='ocr_carea' id='block_1_1' title="bbox 649 516 1407 585">
    <p class='ocr_par' dir='ltr' id='par_1_1' title="bbox 649 516 1407 585">
     <span class='ocr_line' id='line_1_1' title="bbox 649 516 1407 585; baseline -0.005 -3"><span class='ocrx_word' id='word_1_1' title='bbox 649 533 760 584; x_wconf 80' lang='grc'><strong>01000</strong></span> <span class='ocrx_word' id='word_1_2' title='bbox 783 535 962 585; x_wconf 82' lang='lat' dir='ltr'><strong>sncvunvs</strong></span> <span class='ocrx_word' id='word_1_3' title='bbox 1349 516 1407 578; x_wconf 75' lang='lat' dir='ltr'><strong>llll</strong></span> 
     </span>
    </p>
   </div>
   <div class='ocr_carea' id='block_1_2' title="bbox 203 635 1300 2000">
    <p class='ocr_par' dir='ltr' id='par_1_2' title="bbox 203 635 1300 2000">
     <span class='ocr_line' id='line_1_2' title="bbox 310 635 1257 746; baseline -0.003 -19"><span class='ocrx_word' id='word_1_4' title='bbox 310 661 383 736; x_wconf 83' lang='lat' dir='ltr'><strong>Qua</strong></span> <span class='ocrx_word' id='word_1_5' title='bbox 405 659 556 746; x_wconf 82' lang='lat' dir='ltr'><strong>cephas,</strong></span> <span class='ocrx_word' id='word_1_6' title='bbox 580 660 686 729; x_wconf 88' lang='lat' dir='ltr'><strong>hostis</strong></span> <span class='ocrx_word' id='word_1_7' title='bbox 707 662 813 730; x_wconf 80' lang='lat' dir='ltr'><strong>nostri</strong></span> <span class='ocrx_word' id='word_1_8' title='bbox 836 635 1102 742; x_wconf 74' lang='lat' dir='ltr'><strong>intensissimuS,</strong></span> <span class='ocrx_word' id='word_1_9' title='bbox 1133 659 1257 727; x_wconf 86' lang='lat' dir='ltr'>Urbem</span> 
     </span>
     <span class='ocr_line' id='line_1_3' title="bbox 309 785 1196 886; baseline 0 -34"><span class='ocrx_word' id='word_1_10' title='bbox 309 787 463 853; x_wconf 77' lang='lat' dir='ltr'><strong>Deseruit</strong></span> <span class='ocrx_word' id='word_1_11' title='bbox 480 786 677 886; x_wconf 29' lang='lat' dir='ltr'><strong>&#39;sociosque,</strong></span> <span class='ocrx_word' id='word_1_12' title='bbox 700 789 804 872; x_wconf 89' lang='lat' dir='ltr'><strong>atque</strong></span> <span class='ocrx_word' id='word_1_13' title='bbox 828 787 1047 855; x_wconf 83' lang='lat' dir='ltr'><strong>incomitatus</strong></span> <span class='ocrx_word' id='word_1_14' title='bbox 1068 785 1196 866; x_wconf 81' lang='lat' dir='ltr'><strong>abivit3</strong></span> 
     </span>
     <span class='ocr_line' id='line_1_4' title="bbox 310 911 1255 999; baseline -0.002 -20"><span class='ocrx_word' id='word_1_15' title='bbox 310 912 481 987; x_wconf 80' lang='lat' dir='ltr'>Quaerere</span> <span class='ocrx_word' id='word_1_16' title='bbox 504 929 653 998; x_wconf 90' lang='lat' dir='ltr'><strong>namque</strong></span> <span class='ocrx_word' id='word_1_17' title='bbox 676 913 779 981; x_wconf 88' lang='lat' dir='ltr'><strong>timor</strong></span> <span class='ocrx_word' id='word_1_18' title='bbox 801 914 980 999; x_wconf 80' lang='lat' dir='ltr'><strong>longiquas</strong></span> <span class='ocrx_word' id='word_1_19' title='bbox 1013 911 1147 997; x_wconf 89' lang='lat' dir='ltr'><strong>impulit</strong></span> <span class='ocrx_word' id='word_1_20' title='bbox 1169 929 1255 978; x_wconf 86' lang='lat' dir='ltr'><strong>oras.</strong></span> 
     </span>
     <span class='ocr_line' id='line_1_5' title="bbox 311 1037 1254 1107; baseline -0.002 -3"><span class='ocrx_word' id='word_1_21' title='bbox 311 1038 381 1106; x_wconf 89' lang='lat' dir='ltr'><strong>Nec</strong></span> <span class='ocrx_word' id='word_1_22' title='bbox 403 1037 509 1106; x_wconf 90' lang='lat' dir='ltr'><strong>Panlo</strong></span> <span class='ocrx_word' id='word_1_23' title='bbox 533 1038 820 1107; x_wconf 86' lang='lat' dir='ltr'><strong>meliora-eadunt</strong></span> <span class='ocrx_word' id='word_1_24' title='bbox 843 1055 936 1107; x_wconf 92' lang='lat' dir='ltr'><strong>nunc</strong></span> <span class='ocrx_word' id='word_1_25' title='bbox 958 1037 1094 1106; x_wconf 90' lang='lat' dir='ltr'><strong>omina:</strong></span> <span class='ocrx_word' id='word_1_26' title='bbox 1119 1039 1254 1103; x_wconf 89' lang='lat' dir='ltr'><strong>nostrae</strong></span> 
     </span>
     <span class='ocr_line' id='line_1_6' title="bbox 203 1161 1111 1246; baseline 0.003 -21"><span class='ocrx_word' id='word_1_27' title='bbox 203 1162 268 1226; x_wconf 84' lang='grc'><strong>430</strong></span> <span class='ocrx_word' id='word_1_28' title='bbox 312 1162 447 1246; x_wconf 83' lang='lat' dir='ltr'><strong>Hostia,</strong></span> <span class='ocrx_word' id='word_1_29' title='bbox 471 1180 515 1230; x_wconf 92' lang='lat' dir='ltr'><strong>ne</strong></span> <span class='ocrx_word' id='word_1_30' title='bbox 538 1162 689 1246; x_wconf 85' lang='lat' dir='ltr'><strong>dubites,</strong></span> <span class='ocrx_word' id='word_1_31' title='bbox 712 1163 812 1231; x_wconf 89' lang='lat' dir='ltr'><strong>citius</strong></span> <span class='ocrx_word' id='word_1_32' title='bbox 833 1163 958 1232; x_wconf 90' lang='lat' dir='ltr'><strong>devota</strong></span> <span class='ocrx_word' id='word_1_33' title='bbox 980 1161 1111 1242; x_wconf 86' lang='lat' dir='ltr'><strong>securi;</strong></span> 
     </span>
     <span class='ocr_line' id='line_1_7' title="bbox 313 1286 1300 1374; baseline -0.002 -22"><span class='ocrx_word' id='word_1_34' title='bbox 313 1286 432 1354; x_wconf 87' lang='lat' dir='ltr'><strong>Ulcisci</strong></span> <span class='ocrx_word' id='word_1_35' title='bbox 454 1305 548 1357; x_wconf 90' lang='lat' dir='ltr'><strong>nnnc</strong></span> <span class='ocrx_word' id='word_1_36' title='bbox 569 1291 705 1374; x_wconf 85' lang='lat' dir='ltr'><strong>tempus</strong></span> <span class='ocrx_word' id='word_1_37' title='bbox 734 1287 847 1370; x_wconf 91' lang='lat' dir='ltr'><strong>adest,</strong></span> <span class='ocrx_word' id='word_1_38' title='bbox 878 1305 971 1356; x_wconf 91' lang='lat' dir='ltr'><strong>nunc</strong></span> <span class='ocrx_word' id='word_1_39' title='bbox 994 1286 1136 1372; x_wconf 88' lang='lat' dir='ltr'><strong>perdere</strong></span> <span class='ocrx_word' id='word_1_40' title='bbox 1161 1288 1300 1371; x_wconf 80' lang='lat' dir='ltr'>gentem</span> 
     </span>
     <span class='ocr_line' id='line_1_8' title="bbox 312 1410 1257 1496; baseline -0.002 -18"><span class='ocrx_word' id='word_1_41' title='bbox 312 1412 520 1496; x_wconf 82' lang='lat' dir='ltr'><strong>Adversum,</strong></span> <span class='ocrx_word' id='word_1_42' title='bbox 552 1415 589 1480; x_wconf 91' lang='lat' dir='ltr'><strong>et</strong></span> <span class='ocrx_word' id='word_1_43' title='bbox 609 1413 793 1481; x_wconf 85' lang='lat' dir='ltr'><strong>simulacra</strong></span> <span class='ocrx_word' id='word_1_44' title='bbox 814 1413 916 1480; x_wconf 90' lang='lat' dir='ltr'><strong>deum</strong></span> <span class='ocrx_word' id='word_1_45' title='bbox 939 1415 976 1479; x_wconf 90' lang='lat' dir='ltr'><strong>et</strong></span> <span class='ocrx_word' id='word_1_46' title='bbox 996 1411 1137 1481; x_wconf 85' lang='lat' dir='ltr'><strong>delubra</strong></span> <span class='ocrx_word' id='word_1_47' title='bbox 1160 1410 1257 1477; x_wconf 91' lang='lat' dir='ltr'><strong>tueri.</strong></span> 
     </span>
     <span class='ocr_line' id='line_1_9' title="bbox 310 1536 1212 1626; baseline -0.001 -22"><span class='ocrx_word' id='word_1_48' title='bbox 310 1538 445 1607; x_wconf 81' lang='lat' dir='ltr'><strong>Talibus</strong></span> <span class='ocrx_word' id='word_1_49' title='bbox 467 1540 649 1626; x_wconf 85' lang='lat' dir='ltr'><strong>ignescunt</strong></span> <span class='ocrx_word' id='word_1_50' title='bbox 671 1541 743 1609; x_wconf 90' lang='lat' dir='ltr'><strong>irae</strong></span> <span class='ocrx_word' id='word_1_51' title='bbox 773 1542 809 1608; x_wconf 89' lang='lat' dir='ltr'><strong>et</strong></span> <span class='ocrx_word' id='word_1_52' title='bbox 833 1539 926 1606; x_wconf 87' lang='lat' dir='ltr'><strong>ihror</strong></span> <span class='ocrx_word' id='word_1_53' title='bbox 948 1537 1082 1605; x_wconf 91' lang='lat' dir='ltr'><strong>invidus</strong></span> <span class='ocrx_word' id='word_1_54' title='bbox 1104 1536 1212 1605; x_wconf 85' lang='lat' dir='ltr'><strong>ardet</strong></span> 
     </span>
     <span class='ocr_line' id='line_1_10' title="bbox 311 1663 1240 1750; baseline -0.004 -18"><span class='ocrx_word' id='word_1_55' title='bbox 311 1664 497 1750; x_wconf 86' lang='lat' dir='ltr'><strong>Impatiens</strong></span> <span class='ocrx_word' id='word_1_56' title='bbox 518 1666 686 1734; x_wconf 88' lang='lat' dir='ltr'><strong>scelerum</strong></span> <span class='ocrx_word' id='word_1_57' title='bbox 709 1666 851 1733; x_wconf 89' lang='lat' dir='ltr'><strong>comites</strong></span> <span class='ocrx_word' id='word_1_58' title='bbox 872 1663 1036 1750; x_wconf 87' lang='lat' dir='ltr'><strong>exquirit,</strong></span> <span class='ocrx_word' id='word_1_59' title='bbox 1062 1664 1099 1730; x_wconf 94' lang='lat' dir='ltr'><strong>et</strong></span> <span class='ocrx_word' id='word_1_60' title='bbox 1120 1679 1240 1729; x_wconf 90' lang='lat' dir='ltr'><strong>omnes</strong></span> 
     </span>
     <span class='ocr_line' id='line_1_11' title="bbox 204 1786 1280 1874; baseline 0.003 -23"><span class='ocrx_word' id='word_1_61' title='bbox 204 1787 267 1852; x_wconf 84' lang='grc'><strong>435</strong></span> <span class='ocrx_word' id='word_1_62' title='bbox 313 1790 515 1856; x_wconf 75' lang='lat' dir='ltr'><strong>pertentare</strong></span> <span class='ocrx_word' id='word_1_63' title='bbox 538 1789 632 1856; x_wconf 91' lang='lat' dir='ltr'><strong>dolos</strong></span> <span class='ocrx_word' id='word_1_64' title='bbox 655 1789 770 1856; x_wconf 88' lang='lat' dir='ltr'><strong>iurant</strong></span> <span class='ocrx_word' id='word_1_65' title='bbox 791 1805 856 1855; x_wconf 89' lang='lat' dir='ltr'><strong>nec</strong></span> <span class='ocrx_word' id='word_1_66' title='bbox 880 1805 1020 1874; x_wconf 85' lang='lat' dir='ltr'><strong>parcere</strong></span> <span class='ocrx_word' id='word_1_67' title='bbox 1048 1786 1147 1854; x_wconf 81' lang='lat' dir='ltr'><strong>terro.</strong></span> <span class='ocrx_word' id='word_1_68' title='bbox 1272 1825 1280 1844; x_wconf 91' lang='lat'><strong>·</strong></span> 
     </span>
     <span class='ocr_line' id='line_1_12' title="bbox 311 1913 1194 2000; baseline 0.002 -22"><span class='ocrx_word' id='word_1_69' title='bbox 311 1913 360 1978; x_wconf 91' lang='lat' dir='ltr'><strong>Oh</strong></span> <span class='ocrx_word' id='word_1_70' title='bbox 382 1931 492 1997; x_wconf 83' lang='lat' dir='ltr'><strong>genus</strong></span> <span class='ocrx_word' id='word_1_71' title='bbox 514 1913 655 1981; x_wconf 80' lang='lat' dir='ltr'><strong>infelix!</strong></span> <span class='ocrx_word' id='word_1_72' title='bbox 680 1932 769 2000; x_wconf 90' lang='lat' dir='ltr'><strong>quae</strong></span> <span class='ocrx_word' id='word_1_73' title='bbox 792 1931 895 1982; x_wconf 89' lang='lat' dir='ltr'><strong>caeco</strong></span> <span class='ocrx_word' id='word_1_74' title='bbox 918 1915 1054 1998; x_wconf 85' lang='lat' dir='ltr'><strong>pectore</strong></span> <span class='ocrx_word' id='word_1_75' title='bbox 1078 1929 1194 1980; x_wconf 89' lang='lat' dir='ltr'><strong>versas</strong></span> 
     </span>
    </p>
   </div>
   <div class='ocr_carea' id='block_1_3' title="bbox 205 2036 1347 2629">
    <p class='ocr_par' dir='ltr' id='par_1_3' title="bbox 205 2036 1347 2629">
     <span class='ocr_line' id='line_1_13' title="bbox 312 2036 1290 2126; baseline -0.005 -21"><span class='ocrx_word' id='word_1_76' title='bbox 312 2038 459 2107; x_wconf 87' lang='lat' dir='ltr'><strong>Consilia</strong></span> <span class='ocrx_word' id='word_1_77' title='bbox 490 2042 527 2107; x_wconf 89' lang='lat' dir='ltr'><strong>et</strong></span> <span class='ocrx_word' id='word_1_78' title='bbox 550 2057 638 2126; x_wconf 90' lang='lat' dir='ltr'><strong>quae</strong></span> <span class='ocrx_word' id='word_1_79' title='bbox 661 2057 759 2108; x_wconf 90' lang='lat' dir='ltr'><strong>mens</strong></span> <span class='ocrx_word' id='word_1_80' title='bbox 781 2039 910 2125; x_wconf 90' lang='lat' dir='ltr'><strong>coeptis</strong></span> <span class='ocrx_word' id='word_1_81' title='bbox 943 2041 1078 2107; x_wconf 83' lang='lat' dir='ltr'><strong>obstare</strong></span> <span class='ocrx_word' id='word_1_82' title='bbox 1100 2036 1290 2105; x_wconf 72' lang='lat' dir='ltr'><strong>Tonantis?</strong></span> 
     </span>
     <span class='ocr_line' id='line_1_14' title="bbox 311 2139 1302 2252; baseline -0.005 -22"><span class='ocrx_word' id='word_1_83' title='bbox 311 2163 440 2240; x_wconf 83' lang='lat' dir='ltr'><strong>Quidve</strong></span> <span class='ocrx_word' id='word_1_84' title='bbox 463 2165 588 2250; x_wconf 82' lang='lat' dir='ltr'><strong>parasl</strong></span> <span class='ocrx_word' id='word_1_85' title='bbox 616 2165 744 2252; x_wconf 80' lang='lat' dir='ltr'><strong>glacies</strong></span> <span class='ocrx_word' id='word_1_86' title='bbox 765 2165 889 2250; x_wconf 89' lang='lat' dir='ltr'><strong>tepidis</strong></span> <span class='ocrx_word' id='word_1_87' title='bbox 911 2183 974 2233; x_wconf 88' lang='lat' dir='ltr'><strong>oen</strong></span> <span class='ocrx_word' id='word_1_88' title='bbox 996 2163 1136 2251; x_wconf 92' lang='lat' dir='ltr'><strong>liquitur</strong></span> <span class='ocrx_word' id='word_1_89' title='bbox 1157 2139 1302 2242; x_wconf 70' lang='lat' dir='ltr'><strong>austris,</strong></span> 
     </span>
     <span class='ocr_line' id='line_1_15' title="bbox 313 2289 1258 2375; baseline -0.001 -21"><span class='ocrx_word' id='word_1_90' title='bbox 313 2289 432 2357; x_wconf 86' lang='lat' dir='ltr'><strong>Defiois</strong></span> <span class='ocrx_word' id='word_1_91' title='bbox 453 2293 529 2358; x_wconf 90' lang='lat' dir='ltr'><strong>arte</strong></span> <span class='ocrx_word' id='word_1_92' title='bbox 552 2293 629 2375; x_wconf 90' lang='lat' dir='ltr'><strong>tna,</strong></span> <span class='ocrx_word' id='word_1_93' title='bbox 660 2310 702 2361; x_wconf 89' lang='lat' dir='ltr'><strong>ac</strong></span> <span class='ocrx_word' id='word_1_94' title='bbox 725 2295 847 2360; x_wconf 88' lang='lat' dir='ltr'><strong>tennes</strong></span> <span class='ocrx_word' id='word_1_95' title='bbox 870 2310 933 2359; x_wconf 87' lang='lat' dir='ltr'><strong>ceu</strong></span> <span class='ocrx_word' id='word_1_96' title='bbox 957 2290 1069 2357; x_wconf 84' lang='lat' dir='ltr'><strong>sumus</strong></span> <span class='ocrx_word' id='word_1_97' title='bbox 1091 2290 1127 2356; x_wconf 92' lang='lat' dir='ltr'><strong>in</strong></span> <span class='ocrx_word' id='word_1_98' title='bbox 1148 2307 1258 2357; x_wconf 87' lang='lat' dir='ltr'><strong>auras.</strong></span> 
     </span>
     <span class='ocr_line' id='line_1_16' title="bbox 205 2414 1347 2502; baseline 0 -22"><span class='ocrx_word' id='word_1_99' title='bbox 205 2416 270 2480; x_wconf 86' lang='grc'><strong>440</strong></span> <span class='ocrx_word' id='word_1_100' title='bbox 401 2415 466 2484; x_wconf 89' lang='lat' dir='ltr'><strong>Sed</strong></span> <span class='ocrx_word' id='word_1_101' title='bbox 488 2416 615 2502; x_wconf 81' lang='lat' dir='ltr'><strong>refugit</strong></span> <span class='ocrx_word' id='word_1_102' title='bbox 638 2435 715 2486; x_wconf 90' lang='lat' dir='ltr'><strong>mea</strong></span> <span class='ocrx_word' id='word_1_103' title='bbox 737 2435 833 2484; x_wconf 89' lang='lat' dir='ltr'><strong>musa</strong></span> <span class='ocrx_word' id='word_1_104' title='bbox 855 2415 947 2484; x_wconf 91' lang='lat' dir='ltr'><strong>dolos</strong></span> <span class='ocrx_word' id='word_1_105' title='bbox 962 2418 1073 2502; x_wconf 85' lang='lat' dir='ltr'><strong>atque</strong></span> <span class='ocrx_word' id='word_1_106' title='bbox 1106 2415 1212 2500; x_wconf 91' lang='lat' dir='ltr'><strong>impia</strong></span> <span class='ocrx_word' id='word_1_107' title='bbox 1235 2414 1347 2494; x_wconf 84' lang='lat' dir='ltr'><strong>iacta;</strong></span> 
     </span>
     <span class='ocr_line' id='line_1_17' title="bbox 315 2541 1302 2629; baseline 0 -23"><span class='ocrx_word' id='word_1_108' title='bbox 315 2541 426 2626; x_wconf 80' lang='lat' dir='ltr'><strong>htqne</strong></span> <span class='ocrx_word' id='word_1_109' title='bbox 449 2544 532 2610; x_wconf 85' lang='lat' dir='ltr'><strong>avet</strong></span> <span class='ocrx_word' id='word_1_110' title='bbox 553 2543 747 2629; x_wconf 82' lang='lat' dir='ltr'><strong>Exquilinm</strong></span> <span class='ocrx_word' id='word_1_111' title='bbox 767 2544 877 2629; x_wconf 87' lang='lat' dir='ltr'><strong>potius</strong></span> <span class='ocrx_word' id='word_1_112' title='bbox 900 2542 1128 2609; x_wconf 83' lang='lat' dir='ltr'><strong>conscendere</strong></span> <span class='ocrx_word' id='word_1_113' title='bbox 1152 2545 1302 2608; x_wconf 87' lang='lat' dir='ltr'><strong>montem</strong></span> 
     </span>
    </p>
   </div>
   <div class='ocr_carea' id='block_1_4' title="bbox 205 2665 1261 4379">
    <p class='ocr_par' dir='ltr' id='par_1_4' title="bbox 313 2665 1261 3006">
     <span class='ocr_line' id='line_1_18' title="bbox 313 2665 1224 2753; baseline -0.003 -17"><span class='ocrx_word' id='word_1_114' title='bbox 313 2667 515 2753; x_wconf 75' lang='lat' dir='ltr'><strong>Gornquue</strong></span> <span class='ocrx_word' id='word_1_115' title='bbox 536 2668 649 2736; x_wconf 90' lang='lat' dir='ltr'><strong>subire</strong></span> <span class='ocrx_word' id='word_1_116' title='bbox 672 2669 829 2749; x_wconf 88' lang='lat' dir='ltr'><strong>domurn,</strong></span> <span class='ocrx_word' id='word_1_117' title='bbox 854 2686 957 2753; x_wconf 91' lang='lat' dir='ltr'><strong>quam</strong></span> <span class='ocrx_word' id='word_1_118' title='bbox 980 2666 1094 2733; x_wconf 89' lang='lat' dir='ltr'><strong>vivida</strong></span> <span class='ocrx_word' id='word_1_119' title='bbox 1117 2665 1224 2733; x_wconf 75' lang='lat' dir='ltr'><strong>uirtus</strong></span> 
     </span>
     <span class='ocr_line' id='line_1_19' title="bbox 313 2791 1122 2879; baseline -0.004 -20"><span class='ocrx_word' id='word_1_120' title='bbox 313 2792 435 2860; x_wconf 84' lang='lat' dir='ltr'><strong>Incolit</strong></span> <span class='ocrx_word' id='word_1_121' title='bbox 463 2794 500 2861; x_wconf 88' lang='lat' dir='ltr'><strong>et</strong></span> <span class='ocrx_word' id='word_1_122' title='bbox 521 2793 619 2861; x_wconf 89' lang='lat' dir='ltr'><strong>vultu</strong></span> <span class='ocrx_word' id='word_1_123' title='bbox 642 2793 764 2862; x_wconf 83' lang='lat' dir='ltr'><strong>Christi</strong></span> <span class='ocrx_word' id='word_1_124' title='bbox 787 2812 855 2879; x_wconf 86' lang='lat' dir='ltr'><strong>pax</strong></span> <span class='ocrx_word' id='word_1_125' title='bbox 876 2791 969 2861; x_wconf 90' lang='lat' dir='ltr'><strong>alma</strong></span> <span class='ocrx_word' id='word_1_126' title='bbox 989 2809 1122 2860; x_wconf 88' lang='lat' dir='ltr'><strong>sereno.</strong></span> 
     </span>
     <span class='ocr_line' id='line_1_20' title="bbox 401 2917 1261 3006; baseline -0.005 -20"><span class='ocrx_word' id='word_1_127' title='bbox 401 2919 509 2987; x_wconf 87' lang='lat' dir='ltr'><strong>Nocte</strong></span> <span class='ocrx_word' id='word_1_128' title='bbox 531 2919 739 3006; x_wconf 88' lang='lat' dir='ltr'><strong>intempesta</strong></span> <span class='ocrx_word' id='word_1_129' title='bbox 761 2920 883 2986; x_wconf 88' lang='lat' dir='ltr'><strong>Petrus</strong></span> <span class='ocrx_word' id='word_1_130' title='bbox 906 2919 963 2984; x_wconf 82' lang='lat' dir='ltr'><strong>vix</strong></span> <span class='ocrx_word' id='word_1_131' title='bbox 991 2918 1137 3004; x_wconf 89' lang='lat' dir='ltr'><strong>liquerat</strong></span> <span class='ocrx_word' id='word_1_132' title='bbox 1159 2917 1261 2983; x_wconf 88' lang='lat' dir='ltr'><strong>aedes</strong></span> 
     </span>
    </p>

    <p class='ocr_par' dir='ltr' id='par_1_5' title="bbox 206 3043 1223 3253">
     <span class='ocr_line' id='line_1_21' title="bbox 206 3043 1074 3128; baseline 0.005 -22"><span class='ocrx_word' id='word_1_133' title='bbox 206 3044 270 3107; x_wconf 91' lang='grc'><strong>445</strong></span> <span class='ocrx_word' id='word_1_134' title='bbox 314 3043 487 3128; x_wconf 84' lang='lat' dir='ltr'><strong>Exquilias</strong></span> <span class='ocrx_word' id='word_1_135' title='bbox 507 3043 657 3124; x_wconf 77' lang='lat' dir='ltr'><strong>invitns3</strong></span> <span class='ocrx_word' id='word_1_136' title='bbox 679 3062 742 3113; x_wconf 92' lang='lat' dir='ltr'><strong>eoo</strong></span> <span class='ocrx_word' id='word_1_137' title='bbox 764 3063 784 3112; x_wconf 93' lang='lat' dir='ltr'><strong>e</strong></span> <span class='ocrx_word' id='word_1_138' title='bbox 808 3045 906 3112; x_wconf 90' lang='lat' dir='ltr'><strong>litore</strong></span> <span class='ocrx_word' id='word_1_139' title='bbox 930 3045 1074 3111; x_wconf 85' lang='lat' dir='ltr'><strong>Romam</strong></span> 
     </span>
     <span class='ocr_line' id='line_1_22' title="bbox 314 3165 1223 3253; baseline 0 -21"><span class='ocrx_word' id='word_1_140' title='bbox 314 3167 520 3251; x_wconf 86' lang='lat' dir='ltr'><strong>Improvisus</strong></span> <span class='ocrx_word' id='word_1_141' title='bbox 541 3167 640 3236; x_wconf 88' lang='lat' dir='ltr'><strong>adest</strong></span> <span class='ocrx_word' id='word_1_142' title='bbox 662 3170 765 3253; x_wconf 90' lang='lat' dir='ltr'><strong>atque</strong></span> <span class='ocrx_word' id='word_1_143' title='bbox 788 3167 922 3252; x_wconf 85' lang='lat' dir='ltr'><strong>hospita</strong></span> <span class='ocrx_word' id='word_1_144' title='bbox 945 3169 1038 3235; x_wconf 85' lang='lat' dir='ltr'><strong>tecta</strong></span> <span class='ocrx_word' id='word_1_145' title='bbox 1060 3165 1223 3240; x_wconf 90' lang='lat' dir='ltr'><strong>Pudentis</strong></span> 
     </span>
    </p>

    <p class='ocr_par' dir='ltr' id='par_1_6' title="bbox 233 3291 1259 3630">
     <span class='ocr_line' id='line_1_23' title="bbox 233 3291 1108 3380; baseline 0.002 -22"><span class='ocrx_word' id='word_1_146' title='bbox 233 3319 237 3326; x_wconf 91' lang='lat'>·</span> <span class='ocrx_word' id='word_1_147' title='bbox 314 3291 475 3360; x_wconf 87' lang='lat' dir='ltr'><strong>Centurio</strong></span> <span class='ocrx_word' id='word_1_148' title='bbox 497 3294 594 3380; x_wconf 87' lang='lat' dir='ltr'><strong>petit.</strong></span> <span class='ocrx_word' id='word_1_149' title='bbox 618 3293 758 3362; x_wconf 84' lang='lat' dir='ltr'><strong>Itahcae</strong></span> <span class='ocrx_word' id='word_1_150' title='bbox 781 3293 850 3360; x_wconf 87' lang='lat' dir='ltr'><strong>dux</strong></span> <span class='ocrx_word' id='word_1_151' title='bbox 873 3293 937 3361; x_wconf 85' lang='lat' dir='ltr'><strong>iste</strong></span> <span class='ocrx_word' id='word_1_152' title='bbox 960 3291 1108 3360; x_wconf 88' lang='lat' dir='ltr'><strong>cohortis</strong></span> 
     </span>
     <span class='ocr_line' id='line_1_24' title="bbox 316 3399 1259 3504; baseline 0.002 -22"><span class='ocrx_word' id='word_1_153' title='bbox 316 3399 508 3504; x_wconf 79' lang='lat' dir='ltr'><strong>Atqne&#39;olli</strong></span> <span class='ocrx_word' id='word_1_154' title='bbox 530 3436 643 3487; x_wconf 91' lang='lat' dir='ltr'><strong>comes</strong></span> <span class='ocrx_word' id='word_1_155' title='bbox 665 3423 701 3487; x_wconf 88' lang='lat' dir='ltr'><strong>et</strong></span> <span class='ocrx_word' id='word_1_156' title='bbox 723 3418 1021 3503; x_wconf 82' lang='lat' dir='ltr'><strong>consanguinitate</strong></span> <span class='ocrx_word' id='word_1_157' title='bbox 1045 3415 1259 3502; x_wconf 88' lang='lat' dir='ltr'><strong>propinquus.</strong></span> 
     </span>
     <span class='ocr_line' id='line_1_25' title="bbox 316 3540 1170 3630; baseline 0.002 -25"><span class='ocrx_word' id='word_1_158' title='bbox 316 3540 383 3606; x_wconf 86' lang='lat' dir='ltr'><strong>Vix</strong></span> <span class='ocrx_word' id='word_1_159' title='bbox 404 3542 632 3629; x_wconf 81' lang='lat' dir='ltr'><strong>introgressus</strong></span> <span class='ocrx_word' id='word_1_160' title='bbox 652 3544 768 3613; x_wconf 91' lang='lat' dir='ltr'><strong>sedem</strong></span> <span class='ocrx_word' id='word_1_161' title='bbox 794 3543 1008 3630; x_wconf 84' lang='lat' dir='ltr'><strong>gratissimus</strong></span> <span class='ocrx_word' id='word_1_162' title='bbox 1030 3542 1170 3626; x_wconf 90' lang='lat' dir='ltr'><strong>hospes,</strong></span> 
     </span>
    </p>

    <p class='ocr_par' dir='ltr' id='par_1_7' title="bbox 205 3665 1250 4254">
     <span class='ocr_line' id='line_1_26' title="bbox 205 3665 1124 3754; baseline 0.007 -26"><span class='ocrx_word' id='word_1_163' title='bbox 205 3665 269 3729; x_wconf 88' lang='lat'><strong>450</strong></span> <span class='ocrx_word' id='word_1_164' title='bbox 315 3667 400 3733; x_wconf 83' lang='lat' dir='ltr'><strong>Ecce</strong></span> <span class='ocrx_word' id='word_1_165' title='bbox 423 3667 586 3736; x_wconf 87' lang='lat' dir='ltr'><strong>Sabinilla</strong></span> <span class='ocrx_word' id='word_1_166' title='bbox 606 3670 753 3738; x_wconf 88' lang='lat' dir='ltr'><strong>occurrit</strong></span> <span class='ocrx_word' id='word_1_167' title='bbox 775 3669 970 3754; x_wconf 84' lang='lat' dir='ltr'><strong>gnataeque</strong></span> <span class='ocrx_word' id='word_1_168' title='bbox 992 3685 1124 3734; x_wconf 88' lang='lat' dir='ltr'><strong>sorores</strong></span> 
     </span>
     <span class='ocr_line' id='line_1_27' title="bbox 314 3791 1183 3880; baseline 0.005 -24"><span class='ocrx_word' id='word_1_169' title='bbox 314 3791 473 3861; x_wconf 76' lang='lat' dir='ltr'><strong>Adventu</strong></span> <span class='ocrx_word' id='word_1_170' title='bbox 496 3794 626 3880; x_wconf 83' lang='lat' dir='ltr'><strong>laetae,</strong></span> <span class='ocrx_word' id='word_1_171' title='bbox 650 3798 687 3863; x_wconf 89' lang='lat' dir='ltr'><strong>et</strong></span> <span class='ocrx_word' id='word_1_172' title='bbox 709 3795 862 3864; x_wconf 79' lang='lat' dir='ltr'><strong>foedatas</strong></span> <span class='ocrx_word' id='word_1_173' title='bbox 885 3792 1025 3879; x_wconf 89' lang='lat' dir='ltr'><strong>pulvere</strong></span> <span class='ocrx_word' id='word_1_174' title='bbox 1049 3793 1183 3879; x_wconf 85' lang='lat' dir='ltr'><strong>plantas</strong></span> 
     </span>
     <span class='ocr_line' id='line_1_28' title="bbox 316 3917 1250 4006; baseline 0.003 -25"><span class='ocrx_word' id='word_1_175' title='bbox 316 3917 470 3986; x_wconf 83' lang='lat' dir='ltr'><strong>Admotis</strong></span> <span class='ocrx_word' id='word_1_176' title='bbox 491 3921 633 4004; x_wconf 85' lang='lat' dir='ltr'><strong>tergunt</strong></span> <span class='ocrx_word' id='word_1_177' title='bbox 656 3919 821 4006; x_wconf 88' lang='lat' dir='ltr'><strong>lymphis,</strong></span> <span class='ocrx_word' id='word_1_178' title='bbox 844 3919 1063 4004; x_wconf 90' lang='lat' dir='ltr'><strong>sequiturque</strong></span> <span class='ocrx_word' id='word_1_179' title='bbox 1086 3917 1250 3999; x_wconf 86' lang='lat' dir='ltr'><strong>Senator,</strong></span> 
     </span>
     <span class='ocr_line' id='line_1_29' title="bbox 317 4041 1174 4132; baseline 0.002 -26"><span class='ocrx_word' id='word_1_180' title='bbox 317 4041 449 4128; x_wconf 83' lang='lat' dir='ltr'><strong>Excipit</strong></span> <span class='ocrx_word' id='word_1_181' title='bbox 471 4045 508 4110; x_wconf 90' lang='lat' dir='ltr'><strong>et</strong></span> <span class='ocrx_word' id='word_1_182' title='bbox 530 4043 635 4132; x_wconf 87' lang='lat' dir='ltr'><strong>comis</strong></span> <span class='ocrx_word' id='word_1_183' title='bbox 656 4044 876 4130; x_wconf 80' lang='lat' dir='ltr'><strong>peregrinum</strong></span> <span class='ocrx_word' id='word_1_184' title='bbox 898 4047 935 4110; x_wconf 87' lang='lat' dir='ltr'><strong>et</strong></span> <span class='ocrx_word' id='word_1_185' title='bbox 958 4043 1051 4110; x_wconf 88' lang='lat' dir='ltr'><strong>basia</strong></span> <span class='ocrx_word' id='word_1_186' title='bbox 1074 4042 1174 4110; x_wconf 88' lang='lat' dir='ltr'><strong>libat:</strong></span> 
     </span>
     <span class='ocr_line' id='line_1_30' title="bbox 314 4165 1167 4254; baseline -0.001 -21"><span class='ocrx_word' id='word_1_187' title='bbox 314 4165 509 4253; x_wconf 86' lang='lat' dir='ltr'><strong>Expedinnt</strong></span> <span class='ocrx_word' id='word_1_188' title='bbox 530 4167 647 4254; x_wconf 84' lang='lat' dir='ltr'><strong>epulas</strong></span> <span class='ocrx_word' id='word_1_189' title='bbox 668 4171 705 4236; x_wconf 88' lang='lat' dir='ltr'><strong>et</strong></span> <span class='ocrx_word' id='word_1_190' title='bbox 727 4169 810 4236; x_wconf 88' lang='lat' dir='ltr'><strong>vina</strong></span> <span class='ocrx_word' id='word_1_191' title='bbox 832 4167 992 4235; x_wconf 90' lang='lat' dir='ltr'><strong>rubentia</strong></span> <span class='ocrx_word' id='word_1_192' title='bbox 1014 4167 1167 4236; x_wconf 87' lang='lat' dir='ltr'><strong>miscent.</strong></span> 
     </span>
    </p>

    <p class='ocr_par' dir='ltr' id='par_1_8' title="bbox 207 4291 1261 4379">
     <span class='ocr_line' id='line_1_31' title="bbox 207 4291 1261 4379; baseline 0.004 -25"><span class='ocrx_word' id='word_1_193' title='bbox 207 4291 272 4356; x_wconf 83' lang='lat'><strong>455</strong></span> <span class='ocrx_word' id='word_1_194' title='bbox 316 4293 415 4358; x_wconf 87' lang='lat' dir='ltr'><strong>Hunc</strong></span> <span class='ocrx_word' id='word_1_195' title='bbox 438 4293 584 4379; x_wconf 90' lang='lat' dir='ltr'><strong>primum</strong></span> <span class='ocrx_word' id='word_1_196' title='bbox 608 4295 709 4362; x_wconf 92' lang='lat' dir='ltr'><strong>Petro</strong></span> <span class='ocrx_word' id='word_1_197' title='bbox 732 4292 834 4362; x_wconf 85' lang='lat' dir='ltr'><strong>tellus</strong></span> <span class='ocrx_word' id='word_1_198' title='bbox 855 4293 934 4360; x_wconf 90' lang='lat' dir='ltr'><strong>tulit</strong></span> <span class='ocrx_word' id='word_1_199' title='bbox 955 4291 1095 4360; x_wconf 89' lang='lat' dir='ltr'><strong>ethnica</strong></span> <span class='ocrx_word' id='word_1_200' title='bbox 1124 4292 1261 4370; x_wconf 86' lang='lat' dir='ltr'><strong>florem,</strong></span> 
     </span>
    </p>
   </div>
   <div class='ocr_carea' id='block_1_5' title="bbox 314 4417 1392 4628">
    <p class='ocr_par' dir='ltr' id='par_1_9' title="bbox 314 4417 1392 4628">
     <span class='ocr_line' id='line_1_32' title="bbox 315 4417 1219 4502; baseline 0.001 -18"><span class='ocrx_word' id='word_1_201' title='bbox 315 4417 504 4486; x_wconf 83' lang='lat' dir='ltr'><strong>Caesareae</strong></span> <span class='ocrx_word' id='word_1_202' title='bbox 525 4419 606 4486; x_wconf 90' lang='lat' dir='ltr'><strong>dum</strong></span> <span class='ocrx_word' id='word_1_203' title='bbox 629 4421 741 4488; x_wconf 86' lang='lat' dir='ltr'><strong>eastra</strong></span> <span class='ocrx_word' id='word_1_204' title='bbox 762 4421 877 4502; x_wconf 88' lang='lat' dir='ltr'><strong>tenet,</strong></span> <span class='ocrx_word' id='word_1_205' title='bbox 909 4419 1103 4486; x_wconf 90' lang='lat' dir='ltr'><strong>discrimine</strong></span> <span class='ocrx_word' id='word_1_206' title='bbox 1126 4418 1219 4486; x_wconf 92' lang='lat' dir='ltr'><strong>nullo</strong></span> 
     </span>
     <span class='ocr_line' id='line_1_33' title="bbox 314 4541 1392 4628; baseline -0.001 -20"><span class='ocrx_word' id='word_1_207' title='bbox 314 4541 401 4608; x_wconf 78' lang='lat' dir='ltr'><strong>Nam</strong></span> <span class='ocrx_word' id='word_1_208' title='bbox 422 4543 589 4609; x_wconf 80' lang='lat' dir='ltr'><strong>Graecum</strong></span> <span class='ocrx_word' id='word_1_209' title='bbox 612 4542 835 4626; x_wconf 90' lang='lat' dir='ltr'><strong>Omnipotens</strong></span> <span class='ocrx_word' id='word_1_210' title='bbox 862 4541 1090 4628; x_wconf 88' lang='lat' dir='ltr'><strong>Iudaeumque</strong></span> <span class='ocrx_word' id='word_1_211' title='bbox 1112 4543 1232 4626; x_wconf 88' lang='lat' dir='ltr'><strong>aspicit</strong></span> <span class='ocrx_word' id='word_1_212' title='bbox 1255 4558 1392 4624; x_wconf 86' lang='lat' dir='ltr'><strong>aequus</strong></span> 
     </span>
    </p>
   </div>
   <div class='ocr_carea' id='block_1_6' title="bbox 0 0 1752 5360">
    <p class='ocr_par' dir='ltr' id='par_1_10' title="bbox 0 0 1752 5360">
     <span class='ocr_line' id='line_1_34' title="bbox 0 0 1752 5360; baseline 0 0"><span class='ocrx_word' id='word_1_213' title='bbox 0 0 1752 5360; x_wconf 95' lang='lat' dir='ltr'><strong> </strong></span> 
     </span>
    </p>
   </div>
  </div>
 </body>
</html>
