3576 5376
796 563 911 614 1111111
1394 547 1460 616 367

363 691 434 758 1111
456 689 570 773 stupet
592 687 722 772 Augias
744 687 836 770 visu,
861 688 1051 774 tacitusque
1075 685 1207 754 volutat

365 817 457 882 Haec
477 813 540 881 sibi
563 815 697 881 mente:
720 813 848 889 Quater
869 812 949 880 deni
973 828 1064 880 nunc
1086 810 1216 899 praelia
1238 811 1362 881 Christi

365 940 564 1019 Desertam,
587 956 649 1005 cur
672 955 752 1004 uam
774 939 903 1005 sertum
925 936 984 1004 sed
1006 935 1120 1004 deficit
1141 937 1274 1004 uuumt

258 1064 321 1131 125
364 1065 456 1131 Haec
478 1063 569 1130 inter
590 1062 745 1149 quidam,
770 1061 860 1130 vires
882 1061 1055 1146 animique
1080 1062 1240 1130 terendae
1343 1064 1345 1072 '

364 1185 425 1255 cni
447 1187 571 1254 desunt
591 1186 716 1270 hiemi,
740 1185 920 1271 tepefactis
941 1185 1047 1253 insilit
1069 1186 1176 1253 undis

366 1314 442 1380 Heu
463 1313 580 1382 miser!
606 1311 777 1397 extemplo
799 1311 977 1378 solvuntur
999 1329 1141 1397 corpora
1161 1310 1247 1379 leto!

366 1437 491 1505 Abiicit
512 1440 684 1523 arreptam
707 1437 837 1504 meritis
857 1439 894 1504 et
916 1436 1059 1504 dextera
1081 1436 1238 1522 palmam.

364 1564 567 1648 Ingemuere
589 1561 670 1646 viri,
695 1560 841 1628 lacrimis
863 1538 900 1628 et
921 1553 1057 1627 Numen
1079 1560 1206 1628 obortis

260 1688 322 1755 130
364 1688 510 1756 Orantes
531 1704 668 1756 sensere
690 1686 799 1770 lacus,
823 1703 960 1755 sensere
982 1686 1137 1773 superuis

364 1812 507 1880 Auribus
529 1811 674 1896 Aligeri:
697 1811 815 1879 1111111
838 1810 928 1878 haud
951 1810 1008 1896 pia
1029 1813 1111 1878 vota
1132 1827 1316 1897 precesque

363 1939 512 2006 Heroum
534 1937 696 2005 cecidere.
720 1937 814 2005 Mero
835 1954 1021 2024 somnoque
1044 1937 1197 2018 iacentes

366 2063 501 2131 Excitat
522 2063 651 2148 Augias
672 2062 780 2131 socios
808 2064 911 2147 atque
934 2061 1029 2130 exuit
1051 2063 1161 2143 artus,

363 2190 438 2273 Ipse
460 2188 614 2272 egomet,
637 2186 803 2268 clamans,
817 2187 999 2254 -Christum
1021 2185 1114 2255 colo:
1140 2185 1268 2255 iuribus
1288 2186 1394 2254 isdem

259 2314 321 2379 135
366 2314 439 2397 Ipse
460 2312 537 2378 utor
557 2311 661 2379 sacris
684 2312 719 2377 et
741 2311 860 2378 inania
881 2310 1024 2378 numina
1045 2313 1173 2377 temno.

366 2435 476 2517 Dixit,
499 2437 536 2503 et
557 2436 705 2503 invictae
728 2437 888 2520 properat
910 2452 946 2502 se
969 2435 1112 2520 iungere
1134 2437 1277 2502 turmae.

367 2561 525 2646 Mysticus
547 2559 708 2647 impletur
729 2577 907 2642 numerus,
932 2578 993 2646 pro
1015 2576 1156 2627 munere
1177 2561 1295 2645 grates

366 2687 563 2755 Perscluere
586 2687 654 2754 Deo
676 2687 893 2770 geminantes
914 2685 1066 2754 carmine
1089 2703 1198 2754 voces

366 2814 410 2880 Ut
432 2811 578 2898 primum
601 2810 722 2878 Christi
746 2811 842 2878 novit
865 2829 996 2896 quoque
1020 2828 1117 2880 sacra
1138 2812 1308 2882 colentem

260 2940 322 3006 140
365 2938 530 3022 Augiam‚
555 2936 627 3005 iera
650 2938 749 3004 turba
771 2938 898 3005 irarum
920 2935 1114 3004 incenditur
1136 2937 1216 3021 igne

366 3063 637 3151 suppliciumque
660 3080 787 3130 novum
811 3063 963 3130 molitur:
988 3080 1088 3132 crura
1109 3063 1238 3132 bacillis

367 3185 490 3271 Algida
512 3183 713 3268 confringit:
737 3185 893 3270 repetitis
914 3185 1036 3251 ictibus
1057 3185 1167 3251 omnis

366 3311 448 3378 Vita
469 3309 573 3396 fugit:
596 3308 682 3377 caeli
705 3313 901 3378 reserantur
923 3327 1032 3395 regua
1054 3309 1179 3392 beatis,

367 3435 530 3520 claraque
552 3433 710 3516 victrices
730 3433 876 3518 cingunt
897 3432 1090 3502 diademata
1112 3434 1250 3503 frontes.

260 3562 323 3628 145
453 3559 567 3627 Iunior
589 3559 626 3626 at
648 3558 830 3642 Melithon‚
853 3557 987 3626 validae
1010 3559 1063 3627 cui
1087 3577 1226 3645 corpore
1248 3561 1359 3642 vires,

367 3686 478 3772 Spirat
500 3683 626 3766 adhuc,
651 3700 855 3769 quamquam
877 3683 1056 3767 riguerunt
1080 3683 1205 3767 frigore
1228 3684 1389 3753 membra.

367 3809 455 3894 Ergo
478 3807 534 3876 ubi
557 3806 744 3874 coniicinut
767 3806 958 3875 miseranda
982 3808 1151 3874 cadavera
1174 3807 1332 3893 plaustris

369 3933 636 4020 Accelerautque
659 3951 797 4017 rogum,
819 3931 995 4000 viventem
1016 3930 1061 4000 ad
1081 3933 1205 4018 stagna
1227 3931 1424 4019 relinquunt
1431 3951 1441 4016 ;

368 4061 450 4147 Spes
470 4059 560 4129 subit
581 4057 748 4127 illecebris
769 4056 934 4125 iuvenilia
956 4057 1096 4143 pectora
1117 4057 1218 4126 vinci.

263 4185 325 4254 150
368 4187 414 4252 At
435 4184 530 4272 pueri
554 4185 665 4251 mater
686 4201 786 4252 cursu
808 4181 948 4251 festinat
970 4181 1115 4266 anhelo,

368 4310 597 4397 Supponitque
620 4308 780 4377 humeros
801 4308 837 4376 11
859 4305 970 4374 dulcia
990 4306 1134 4393 pignora
1155 4305 1245 4374 111111

366 4435 409 4500 111
429 4450 526 4500 sacro
548 4431 739 4518 insequitur
758 4428 942 4498 stridentes
962 4428 1112 4513 pondere
1135 4445 1261 4496 currus

368 4556 479 4624 Macte
502 4553 633 4636 auimo,
657 4555 703 4621 mi
725 4554 825 4634 nate,
849 4551 960 4637 iuquit
983 4549 1182 4634 fortissima,
1206 4548 1336 4618 caelum
