3560 5368
340 529 404 593 268
434 497 440 512 ’
807 539 1082 591 ennrnnrrrroos

447 667 604 754 lixplevit
621 669 697 752 jam
719 668 837 750 lustra,
862 668 935 736 viro
957 669 1011 734 est
1032 664 1228 752 iungenda;
1252 663 1414 748 parentes

449 793 610 862 Defecere
632 793 701 872 olli,
725 794 829 861 Iudae
853 810 918 862 nec
941 809 1035 860 more
1057 789 1191 876 puellae

363 922 406 985 75
450 919 517 988 Fas
538 923 600 1002 est,
624 919 661 985 ni
683 921 797 987 custos
817 918 916 1002 adsit,
939 917 1113 987 discedere
1136 915 1272 1002 templo.

289 1023 293 1030 ⁵
449 1044 501 1112 Oh
524 1043 668 1111 nimium
692 1043 786 1126 felix,
808 1046 909 1112 tanta
930 1061 1008 1112 cum
1031 1043 1178 1128 coniuge
1200 1041 1309 1108 vitam

450 1169 511 1237 Cui
534 1168 669 1238 duxisse
692 1169 830 1237 datum!
855 1172 965 1238 testor
986 1151 1035 1236 nil
1058 1167 1210 1238 sanctius
1231 1163 1299 1246 illa,

452 1292 506 1361 Nil
528 1295 565 1362 et
586 1293 766 1362 amabilius
788 1292 912 1363 nostris
932 1293 986 1361 his
1006 1293 1141 1362 sedibus
1161 1308 1313 1376 unquam

451 1418 570 1485 Visum
592 1420 644 1486 est
656 1437 667 1500 ς
690 1436 758 1504 quo
779 1435 854 1488 sese
876 1436 936 1487 ore
960 1417 1067 1486 relert
1090 1416 1273 1502 habituque
1297 1412 1437 1498 putares

361 1545 404 1608 80
449 1541 632 1629 Plusquam
654 1544 844 1626 mortalem,
867 1543 1006 1611 caelesti
1028 1543 1066 1610 at
1087 1541 1192 1626 stirpe
1215 1541 1377 1608 creatam.

451 1669 538 1752 Ergo
561 1668 621 1734 Dei
645 1667 806 1753 placitum
831 1668 1063 1754 quaerendum
1085 1668 1122 1735 et
1142 1665 1200 1733 dia
1221 1661 1400 1740 voluntas3

451 1795 610 1862 Vestrum
634 1793 930 1881 quisquesacram
953 1794 1086 1879 virgam
1107 1791 1258 1877 deponat
1279 1788 1323 1856 ad
1345 1801 1432 1854 aras.

452 1919 599 2000 Dixerat,
622 1921 725 2006 atque
748 1937 868 1988 omnes
889 1936 998 2005 prona
1019 1917 1153 1987 cervice
1176 1915 1378 2003 precantur:

451 2045 535 2126 Qui,
560 2046 647 2112 Deus
669 2045 905 2130 omnipotens,
930 2043 1112 2112 manifesto
1134 2041 1263 2110 lumine
1285 2037 1386 2107 terris

365 2171 408 2235 85
451 2170 582 2236 cuncte
604 2167 710 2252 vides,
733 2168 913 2236 hominum
935 2169 1097 2254 penetras
1118 2169 1222 2253 atque
1246 2164 1361 2232 abdite
1384 2159 1520 2235 mentis,

453 2293 561 2370 Quem
583 2295 634 2360 vis
655 2293 797 2362 ostende
818 2295 922 2380 alque
944 2296 1104 2361 orantum
1126 2291 1263 2378 percipe
1286 2290 1377 2370 vota,

453 2421 502 2486 Da
523 2420 581 2504 qui
603 2419 830 2487 Parthenidos
850 2420 964 2504 sponsi
988 2419 1151 2503 iungatur
1173 2419 1313 2484 honore.

453 2546 557 2612 Parte
578 2542 647 2611 alia
670 2545 727 2629 pia
749 2545 855 2628 Virgo
879 2542 1001 2611 eadem
1023 2542 1085 2609 sub
1108 2546 1245 2628 pectore
1268 2538 1386 2620 volvit,

453 2670 561 2756 Seque
584 2669 643 2737 Dei
665 2669 827 2737 ancillam
850 2671 958 2756 putat,
982 2671 1040 2755 et,
1062 2686 1221 2755 suprema
1243 2666 1402 2734 voluntas

366 2797 410 2862 90
455 2795 549 2870 Quae
572 2795 626 2875 sil,
649 2808 781 2880 parere,
804 2812 846 2861 ac
870 2796 943 2862 tota
966 2793 1178 2880 requiescere
1202 2793 1328 2859 mente.

456 2919 648 2988 Praeterita
670 2922 706 2987 et
727 2920 886 3004 relegens
907 2919 985 2985 divo
1008 2919 1226 2986 succenditur
1248 2917 1329 3002 igne

457 3045 568 3130 Usque
591 3045 714 3130 magis,
737 3044 850 3128 gliscit
872 3045 1012 3130 coeptus
1034 3044 1103 3112 iam
1126 3047 1279 3129 tempore
1302 3040 1404 3125 longo

455 3169 672 3254 virginitatis
693 3187 790 3236 amor
801 3185 816 3251 ;-
834 3167 976 3255 supplex
999 3170 1037 3236 et
1059 3167 1183 3236 talibus
1204 3169 1300 3235 orat:

454 3295 580 3378 Magne
603 3295 701 3374 Deus,
726 3293 783 3380 qui
806 3309 862 3361 me
885 3294 983 3360 tanto
1004 3292 1053 3361 sic
1075 3309 1219 3360 munere
1241 3290 1332 3359 tollis

365 3419 409 3484 95
454 3417 673 3499 immeritam,
696 3419 770 3485 toto
791 3435 879 3504 quae
903 3417 1052 3504 prompsi
1073 3435 1118 3485 ex
1141 3418 1280 3503 pectore
1302 3415 1384 3482 vota

455 3541 607 3628 Respice,
632 3559 756 3628 nempe
780 3541 854 3609 viro
877 3559 1045 3629 nusquam
1068 3559 1264 3628 cognoscar,
1287 3542 1323 3608 et
1344 3539 1404 3606 uni

456 3666 520 3732 Uni
542 3667 713 3733 sacratam
737 3664 798 3732 tibi
822 3665 875 3734 las
896 3665 1083 3752 perducere
1105 3665 1223 3734 vitam.

455 3790 586 3875 Vesper
608 3791 684 3857 erat
705 3789 870 3874 Solymis,
892 3807 991 3858 sacra
1014 3789 1100 3858 haec
1120 3790 1202 3857 dum
1223 3789 1304 3857 sede
1326 3787 1504 3872 geruntur⁴

455 3913 575 3999 Stirpis
596 3912 819 4000 amygdaleae
842 3917 984 3982 servent
1005 3914 1130 3982 altaria
1154 3914 1268 3998 virgas

350 4034 410 4099 100
456 4031 573 4116 Nocte,
597 4033 708 4119 quatit
731 4033 895 4101 iuvenum
918 4051 1024 4120 pavor
1045 4033 1240 4101 exultantia
1262 4029 1374 4099 corde.

457 4158 558 4225 Mane
582 4175 672 4226 novo
694 4159 754 4224 vix
776 4157 856 4226 dum
878 4175 1023 4244 surgens
1043 4175 1168 4226 aurora
1189 4156 1346 4238 rubescit,

340 4259 344 4268 ¹
457 4283 507 4348 En
532 4281 675 4348 mirum!
700 4281 819 4367 Ioseplr
843 4279 953 4349 baculi
977 4280 1019 4349 de
1042 4281 1172 4348 vertice
1196 4298 1329 4348 summo

458 4407 645 4475 Succreecit
666 4405 727 4473 ilos
749 4407 785 4472 et
810 4404 896 4472 foliis
917 4405 1059 4473 albescit
1081 4404 1202 4486 odoris,

457 4530 579 4598 Vivida
601 4549 664 4599 ceu
687 4528 843 4597 redolent
864 4529 902 4594 in
924 4529 1052 4614 apertis
1074 4527 1146 4595 lilia
1168 4529 1317 4613 campis:
