3560 5368
312 515 377 578 274
789 527 1063 581 raannuuranos

312 654 378 720 265
421 651 576 737 Undique
600 653 681 720 iana
704 653 808 720 ruunt
829 655 865 720 et
887 651 1006 719 inania
1027 651 1127 736 signa
1149 649 1309 718 deornm:

419 775 534 862 Surgit
556 779 592 844 et
614 776 756 844 heorum
778 793 900 843 manus
922 773 1066 858 inclyta,
1090 775 1127 842 et
1148 775 1251 842 antra
1273 772 1423 842 serarum

421 901 643 984 Desertosque
664 899 773 982 locos,
797 899 919 966 mirum
941 897 1073 984 genus!
1095 895 1215 964 incolit
1236 895 1366 982 hospes.

421 1027 467 1092 Te
490 1041 623 1111 quoque
646 1026 858 1092 moerentem
880 1022 1000 1106 video,
1023 1021 1086 1090 sub
1108 1020 1253 1108 pectoris
1274 1021 1343 1089 imo

419 1149 508 1217 Cura
529 1147 626 1216 sedet
647 1147 749 1216 Pueri
770 1147 903 1229 amissi,
918 1146 978 1216 sed
999 1147 1075 1233 quis
1095 1145 1191 1216 dolor
1212 1145 1283 1214 urit

308 1275 374 1340 270
417 1273 579 1356 Viscera,
602 1289 706 1360 quum
729 1271 879 1342 moriens
899 1269 1042 1341 offertur
1063 1273 1101 1338 et
1122 1269 1234 1338 hostia
1256 1271 1372 1338 Patri!

419 1398 484 1467 Sed
505 1397 584 1465 finis
605 1396 783 1483 plauctus,
806 1396 961 1484 revoluto
983 1412 1152 1464 marmore
1175 1395 1245 1463 iam
1266 1395 1336 1464 iem

416 1522 560 1608 Exurgit
582 1520 734 1606 tumulo,
756 1521 872 1608 spoliis
893 1523 930 1590 et
951 1519 1061 1589 victor
1082 1519 1204 1588 averni

419 1647 490 1713 lam
512 1663 575 1712 sua
596 1661 705 1730 regna
726 1647 844 1728 tenet,
866 1645 937 1713 iam
959 1645 994 1712 te
1017 1645 1139 1727 vocat,
1162 1642 1294 1728 inclyta
1317 1644 1443 1730 Virgo:

420 1769 526 1853 Surge
548 1787 589 1853 o,
612 1785 701 1855 quae
723 1767 855 1854 placido
877 1766 1050 1836 decumbis
1072 1766 1147 1834 mse
1167 1783 1310 1853 sopore,

261 1963 264 1972 ,
307 1895 374 1961 275
416 1892 528 1960 Dulcis
550 1891 683 1974 amica,
708 1892 809 1974 veni3
834 1891 923 1976 sugit
944 1891 1014 1960 iam
1036 1889 1188 1960 turbidus
1209 1891 1333 1972 imber,

416 2018 561 2086 Horrida
583 2017 672 2102 ugit
694 2017 824 2099 hiems,
847 2017 958 2085 omnis
979 2017 1040 2084 tibi
1062 2016 1225 2103 panditur
1246 2015 1326 2085 aula

418 2142 645 2225 Caelicolum,
667 2143 723 2210 hic
745 2142 816 2211 alto
838 2141 993 2211 divorum
1015 2141 1179 2228 effingere
1202 2143 1303 2210 coetu

419 2273 599 2338 Assuesoee
621 2269 744 2352 regna
764 2271 928 2356 tuumque
951 2285 1138 2354 agnoscere
1161 2285 1315 2356 regnum.

418 2395 481 2463 Sed
505 2394 585 2482 quid
607 2412 672 2480 ego
693 2394 814 2463 afflatu
836 2393 974 2480 rapiort
1002 2394 1084 2480 quid
1106 2397 1259 2464 mentem
1279 2393 1499 2479 animumque

307 2521 374 2586 280
419 2519 567 2604 inspirat
588 2519 677 2588 Deus
698 2519 894 2586 omnituens
915 2517 1092 2606 aperitque
1116 2517 1256 2587 intnrat

419 2647 495 2713 Non
518 2646 654 2713 tantum
675 2643 779 2712 caelis
801 2643 931 2727 honor,
954 2645 992 2712 at
1013 2661 1147 2730 quoque
1168 2643 1279 2730 glorie
1300 2643 1401 2712 terris

418 2773 474 2852 Te,
500 2773 588 2838 bona
610 2770 734 2856 Virgo,
760 2771 898 2837 manet:
922 2772 1064 2838 curvato
1086 2769 1214 2856 poplite
1236 2771 1361 2856 gentes

418 2897 464 2962 Te
487 2895 600 2964 colere
621 2894 749 2981 aspicio
771 2894 975 2980 laudumque
997 2893 1121 2962 efferre
1145 2896 1281 2964 beatam

418 3021 630 3090 Carminibus
641 3039 651 3104 ;
675 3023 802 3090 matres
823 3020 916 3089 inter
937 3022 972 3089 te
995 3019 1101 3088 dicier
1122 3037 1227 3089 uuam

308 3151 373 3215 285
417 3149 602 3232 Expertem
626 3145 753 3215 veteris
775 3164 905 3229 noxae3
929 3147 990 3216 tibi
1014 3146 1144 3233 templa
1165 3165 1227 3235 per
1248 3149 1364 3218 orbem

418 3272 555 3357 Extolli,
578 3276 615 3340 et
637 3272 768 3360 populis
794 3275 896 3341 rebus
918 3273 1065 3342 fidenter
1086 3273 1122 3341 in
1144 3273 1249 3343 arctis
1378 3329 1383 3338 .

417 3397 626 3465 Praesidium
649 3400 686 3464 et
708 3397 865 3466 columen
887 3398 1019 3467 miseris
1041 3399 1077 3466 in
1100 3401 1181 3468 vota
1203 3405 1328 3473 vocari.

418 3523 631 3591 aestimem
655 3523 795 3606 mediis,
817 3523 960 3591 mirum!
985 3523 1046 3592 nix
1067 3525 1216 3596 eulmine
1239 3529 1334 3598 collis

416 3648 591 3733 dibeacit‚'
606 3650 713 3718 siccos
734 3653 770 3718 et
792 3667 893 3736 agros
914 3649 1029 3734 gravis
1050 3651 1153 3719 ardor
1174 3651 1312 3722 hiulcat

307 3775 372 3840 290
417 3774 584 3842 Maximus
606 3775 778 3859 antistes,
802 3776 907 3861 caput
927 3778 1119 3844 exornante
1142 3777 1251 3862 tiara,

415 3897 578 3981 Designat
601 3896 720 3966 baculo
742 3899 887 3982 terram,
918 3901 1151 3986 resonantque
1174 3897 1342 3978 Quiritum

415 4023 564 4106 Cautius,
588 4026 691 4110 atque
713 4025 808 4093 aedis
829 4025 897 4093 cito
922 4025 1146 4094 timdamenta
1168 4027 1340 4110 locantnr;

418 4149 572 4235 Namque
594 4149 736 4232 aedem,
759 4167 861 4236 quam
885 4150 979 4219 nulla
1001 4153 1114 4237 potest
1135 4152 1271 4221 abolere
1303 4155 1471 4236 vetustas,

418 4274 580 4344 Maiorem
602 4275 664 4344 tibi
688 4278 797 4344 Roma
817 4276 926 4354 dicat;
949 4293 1010 4364 per
1031 4277 1168 4346 saecum
1189 4279 1299 4365 surgit
1488 4281 1497 4288 “

305 4401 371 4467 295
414 4398 645 4486 Splendidior‚
670 4402 811 4470 modom
833 4403 894 4470 tua
915 4401 963 4470 sio
986 4401 1081 4470 velut
1102 4403 1182 4472 aula
1204 4403 1361 4491 refulget
1474 4426 1484 4452 ι’

413 4524 537 4592 Montis
559 4526 603 4593 ab
625 4533 764 4613 aspectu
788 4527 951 4614 templum
974 4529 1207 4614 supereminet
1228 4532 1304 4598 urbi
