3560 5368
795 759 1027 845 nundin
1056 760 1096 844 V

653 1053 708 1120 DE
730 1051 866 1120 lunula
885 1053 943 1120 AD
964 1053 1133 1123 GRVOEM
1152 1055 1246 1124 IESV

451 2147 549 2214 Nunc
570 2148 624 2214 est
646 2145 788 2214 feralem
810 2143 1021 2230 solymorum
1042 2143 1206 2213 scandere
1229 2145 1398 2226 montem,

539 2269 671 2339 Pendet
692 2269 748 2338 ubi
770 2287 869 2338 sacra
890 2269 1029 2337 victima
1050 2269 1129 2337 diva
1151 2287 1259 2338 cruce.

451 2393 513 2462 Hic
534 2394 604 2462 iam
626 2393 731 2479 Virgo
754 2393 817 2480 piis
837 2392 964 2478 stipata
984 2393 1152 2461 sororibus
1173 2395 1284 2475 astat;

539 2519 615 2586 Non
637 2517 793 2604 equidem
816 2518 941 2586 Netum
963 2516 1117 2602 linquere
1140 2518 1252 2602 posset
1272 2533 1377 2584 emor.

388 2643 410 2708 5
453 2644 494 2708 Et
515 2659 628 2710 comes
650 2640 705 2708 hic
729 2639 814 2709 fidus
835 2642 980 2708 Ioannes
1002 2639 1150 2725 perstitit
1173 2657 1279 2707 unus:

541 2769 591 2836 Ne
615 2783 759 2854 quaeras
779 2765 883 2835 alios:
906 2765 1087 2834 deseruere
1111 2766 1246 2834 Ducem.

452 2893 505 2962 Sic
527 2891 669 2980 pavidae
693 2892 828 2976 lugiunt
849 2891 997 2977 pecudes
1018 2890 1250 2978 pecudumque
1273 2891 1442 2976 magistri,

539 3017 648 3096 Quum
670 3017 781 3086 subito
803 3035 929 3102 magno
952 3033 1124 3091 murmure
1146 3015 1278 3102 grando
1301 3017 1377 3084 ruit

453 3145 574 3212 Petrus
595 3144 710 3224 abest,
733 3160 940 3229 quamquem
962 3143 1037 3210 Iesu
1059 3141 1204 3210 iurasset
1226 3141 1357 3209 amanti

371 3272 409 3336 10
540 3270 581 3336 Et
604 3267 725 3334 vinclis
746 3266 841 3334 illum
864 3269 900 3334 et
922 3268 1031 3335 morte
1052 3267 1207 3335 minante
1229 3267 1334 3352 sequi.

453 3395 499 3462 At
521 3393 690 3462 Christum
713 3395 840 3480 negat,
863 3392 1002 3461 infelix!
1026 3392 1241 3480 periuriaque
1262 3392 1377 3460 addit:

540 3521 639 3587 Vana
660 3518 728 3587 heu
750 3520 852 3588 corda
874 3519 1069 3587 hominum!
1095 3521 1174 3587 vota
1198 3519 1307 3587 tulere
1328 3517 1411 3585 noti.

453 3647 516 3714 Sed
538 3645 676 3714 sceleris
698 3662 776 3712 mox
798 3645 982 3731 poenituit,
1007 3644 1146 3713 secessit
1166 3645 1203 3711 in
1225 3646 1385 3726 anirum,

541 3771 690 3838 Moeret:
714 3773 844 3856 quante
865 3770 988 3839 animis
1009 3769 1134 3838 insidet
1155 3769 1331 3838 anxietas!

372 3896 411 3962 15
455 3894 508 3962 Sul
531 3893 625 3961 illum
648 3893 808 3977 flentem,
831 3893 971 3963 flentem
994 3911 1062 3961 nox
1085 3893 1198 3962 cernit
1216 3895 1252 3961 et
1273 3909 1377 3979 usque

540 4021 701 4087 Extrema
723 4019 823 4086 terris
844 4019 960 4086 vivere
982 4017 1138 4100 tristiiia;

456 4147 568 4213 Donec
589 4147 665 4231 pust
686 4146 803 4212 tantos
824 4143 902 4212 fidei
926 4143 1008 4226 tibi,
1032 4145 1161 4226 Roma,
1192 4144 1346 4226 labores,

542 4269 682 4338 Ianiculi
703 4287 835 4336 sacram
857 4270 1026 4355 sanguine
1048 4268 1153 4356 tingit
1174 4268 1323 4336 humum.

452 4396 642 4482 Golgothee
665 4398 701 4464 et
724 4396 759 4463 in
782 4396 892 4466 medio
913 4415 998 4464 crux
1019 4395 1143 4464 Christi
1166 4394 1335 4464 atulntur
1355 4395 1443 4477 alte,

364 4525 407 4590 20
538 4523 627 4590 Crux
652 4523 724 4591 sere
747 4523 881 4592 nodosis
901 4541 1023 4609 aspera
1045 4521 1246 4606 corticibuS,
