3564 5376
704 548 815 600 omna
837 548 987 602 rnurws
1405 535 1443 600 ll

352 676 423 760 Sic,
446 675 622 760 Gargane,
646 679 745 760 parat
767 677 882 744 votivo
906 696 950 745 ex
973 696 1140 747 marmore
1161 680 1306 765 signum.

351 801 413 878 Qui
437 802 512 887 pius
533 799 709 869 occiduum
733 801 821 870 101101
844 806 935 870 sorte
959 804 1090 881 Quirini

352 926 522 995 Restituet
542 929 731 1012 sceptrum,
754 925 877 995 Christi
900 926 980 995 dum
1004 928 1111 996 tertur
1133 929 1169 996 10
1192 931 1325 1015 hostes,

353 1052 511 1138 Armiger
531 1054 622 1120 astat
646 1069 749 1138 eques
771 1053 893 1138 pennis
914 1057 951 1121 et
973 1055 1123 1122 vestibus
1145 1055 1245 1141 albis,

241 1177 320 1276 4301
350 1176 618 1261 Caeruleumque
640 1174 746 1243 refert
768 1176 930 1243 vexillum
953 1179 989 1244 et
1011 1177 1082 1245 lilia
1106 1178 1240 1264 fulgent

355 1301 466 1369 Aurea
486 1273 627 1369 vexillo:
652 1300 812 1382 Michael,
836 1305 871 1368 te
894 1301 1021 1388 poplite
1043 1301 1129 1371 flexo

354 1425 413 1493 llle
435 1425 527 1510 prius
549 1424 669 1507 coluit3
693 1424 840 1492 victricis
863 1425 1014 1511 praemia
1036 1427 1171 1513 palmae

352 1549 494 1632 Detulit,
517 1567 558 1616 40
580 1551 655 1616 tota
676 1549 772 1618 iussit
794 1549 921 1617 ditione
945 1552 1127 1636 quotannis

351 1676 449 1742 Festa
472 1675 600 1742 reterre
624 1673 694 1741 tibi.
718 1676 804 1743 Nam
827 1677 862 1742 te
885 1693 1017 1761 quoque
1039 1676 1188 1762 protegit
1209 1677 1292 1760 alis,

241 1802 307 1867 435
351 1799 476 1884 Gallia,
502 1801 765 1885 praeruptaeque
788 1799 912 1867 inviset
934 1800 1075 1869 numine
1099 1805 1248 1884 montes余

351 1926 497 2012 Magnus
517 1925 611 1992 amat
634 1923 778 1990 Michael
801 1927 934 1992 montes
956 1927 993 1993 et
1014 1927 1185 1994 montibus
1206 1931 1317 1997 antra.

351 2049 476 2118 Bellica
497 2069 585 2136 gens
607 2067 693 2135 quae
716 2049 785 2117 iam
808 2050 953 2118 Mavorti
977 2050 1058 2118 fana
1080 2050 1231 2137 dicabat,

351 2177 443 2243 Haec
466 2174 587 2242 eadem
608 2173 668 2240 tibi
693 2190 784 2240 nuno
807 2173 938 2241 meliori
961 2174 1100 2243 nomine
1122 2180 1253 2263 sacrat,

351 2303 424 2367 Dux
448 2301 649 2368 bellatorum
671 2299 830 2382 Michael,
854 2303 892 2367 tu
916 2303 1029 2368 castra
1050 2303 1195 2387 praeibis

241 2427 308 2492 440
351 2424 496 2506 Gallica,
521 2425 623 2511 quum
645 2422 723 2491 divo
745 2423 917 2508 perfusam
939 2425 1107 2509 sanguine
1131 2429 1257 2494 terram

351 2547 501 2616 Crudelis
523 2547 703 2616 temerabit
726 2547 844 2630 herus,
868 2546 1037 2616 cunabula
1060 2549 1184 2617 Christi

351 2673 540 2741 Barbaricis
563 2671 673 2756 rapies
695 2671 867 2755 manibus,
892 2691 1121 2759 magnumque
1143 2675 1342 2760 sepulcrum.

353 2801 398 2865 Te
422 2797 538 2865 tremit
560 2795 719 2864 immanis
740 2795 930 2863 saeclorum
950 2796 988 2865 in
1010 2797 1078 2864 tlne
1101 2801 1285 2884 tyrannus,

352 2922 415 2999 Qui
438 2920 577 3008 populos
598 2920 721 2988 Christi
745 2921 889 2988 mentito
912 2921 1050 2990 nomine
1074 2922 1190 3005 fallet3

242 3055 308 3118 445
353 3049 461 3124 Quum
485 3063 596 3129 mare,
620 3063 723 3130 quum
756 3043 873 3126 tellus,
905 3063 1008 3131 quum
1031 3046 1176 3130 grandia
1196 3049 1308 3117 sidera
1329 3054 1423 3121 caelo

352 3179 562 3259 Turbautur余
585 3194 688 3263 quum
711 3175 794 3243 luna
814 3175 900 3258 ruit,
924 3175 1123 3244 tenebrosus
1145 3180 1181 3244 et
1202 3197 1266 3246 axe

350 3303 405 3372 Sol
427 3304 534 3387 negat
555 3303 715 3369 ardentes
737 3301 877 3387 trepidis
898 3301 1095 3368 mortalibus
1117 3302 1236 3388 ignes余

352 3430 393 3496 ut
413 3429 536 3515 gentes
557 3427 594 3492 10
617 3425 705 3494 bella
728 3426 862 3509 linunt,
886 3428 922 3493 et
944 3428 1038 3493 terra
1060 3427 1235 3511 profundis

351 3554 496 3621 Motibus
517 3552 688 3620 excutitur
711 3556 853 3632 nutans,
877 3549 1121 3638 inhumataque
1144 3553 1274 3636 multis,

241 3684 305 3749 4511
348 3676 560 3749 Horrendum
584 3678 673 3744 visu!
698 3677 869 3746 iaciuntur
892 3695 1034 3762 corpora
1056 3679 1201 3763 campis:

351 3807 442 3871 Tunc
466 3801 611 3870 Michael
634 3802 773 3870 tandem
795 3800 934 3868 caelesti
956 3817 1099 3885 praepes
1121 3803 1164 3870 ab
1186 3823 1264 3870 arce

349 3928 574 3996 Christiadum
596 3925 731 3994 afflictis
752 3928 914 4012 properat
934 3943 1132 3995 succurrere
1155 3927 1267 4005 rebus,

351 4057 605 4138 immanemque
628 4052 738 4118 virum
760 4049 978 4118 minitantem
1000 4053 1037 4117 et
1058 4051 1115 4119 dia
1137 4051 1308 4120 volentem

351 4181 430 4246 Iura
450 4176 530 4258 sibi,
554 4175 665 4244 media
687 4175 899 4260 Solymorum
920 4175 1102 4244 obtruncat
1123 4175 1160 4242 in
1184 4176 1283 4259 urbe,

240 4306 307 4372 455
350 4305 612 4388 Extremumque
635 4300 726 4370 dieat
749 4301 852 4370 caelis
882 4301 960 4382 tibi,
995 4301 1144 4384 Christe,
1168 4304 1354 4386 tropaeum.

440 4429 543 4496 Fatus
565 4431 655 4508 erat余
678 4430 824 4496 subeunt
847 4447 925 4496 mox
948 4428 1128 4514 templum,
1151 4427 1314 4497 altaribus
1337 4449 1411 4496 ossa

352 4553 453 4622 Sacra
478 4553 591 4621 locant
613 4553 731 4621 mediis
753 4555 789 4620 et
812 4553 918 4621 multo
939 4555 1016 4620 ture
1039 4555 1225 4638 vaporant,
