3564 5376
429 707 1216 904 proficeremus

610 1313 774 1396 LIBER
806 1313 1034 1397 TERTIVS

691 2039 948 2110 lbevlrllllllr

259 2201 358 2248 Perfecto
373 2203 423 2260 poet
437 2213 520 2248 aunum
544 2203 627 2262 templo
642 2201 749 2258 Gargani,
771 2199 860 2260 plurimi
884 2213 911 2247 ex
927 2200 1035 2247 catholico
1051 2200 1103 2247 orbe
1125 2199 1246 2258 peregrini,
1269 2200 1378 2248 invisendi

318 2281 390 2335 aretia
405 2283 550 2339 concurrunt,
574 2293 630 2340 quea
645 2280 703 2326 luter
718 2279 825 2337 Albinus,
842 2277 921 2326 Consul
937 2278 1092 2334 occidentalia,
1116 2290 1196 2335 magno
1211 2277 1317 2324 comibabu
1332 2291 1380 2324 mu·

318 2371 370 2406 uera
385 2359 491 2407 delerem.
507 2361 643 2408 Describitur
657 2372 720 2406 aacra
736 2359 816 2416 aedae,
837 2359 967 2417 praesertim
982 2371 1021 2405 aer
1044 2359 1135 2405 tabulae
1150 2358 1233 2404 affabre
1252 2358 1325 2417 pictae
1341 2359 1378 2416 by·

317 2440 406 2486 zantino
420 2452 487 2486 more.
511 2439 586 2486 Prima
601 2440 669 2487 habet
684 2453 740 2498 quea
755 2439 848 2486 blicbeel
872 2452 912 2498 pro
936 2439 1052 2496 synagoga
1067 2438 1149 2486 tuende
1165 2439 1217 2494 egid
1241 2438 1267 2484 In
1283 2439 1379 2486 mcunda

318 2519 405 2576 prouder
413 2519 493 2566 ccclno
502 2520 612 2567 crucibus
622 2519 777 2567 sennacherib.
794 2519 869 2566 Tertia
884 2519 1006 2578 praesefert
1019 2513 1133 2566 Denlclm'n
1144 2519 1283 2578 Propheteun
1295 2519 1379 2578 Quarto

319 2613 408 2646 menum
423 2599 548 2658 Aligerum,
564 2613 635 2659 quae,
652 2589 708 2648 duce
718 2601 741 2648 S.
752 2600 871 2658 mehr-ele,
887 2599 955 2658 dapes
970 2599 1058 2646 Christo
1072 2601 1096 2646 in
1106 2599 1192 2647 deserto
1207 2601 1258 2658 poeb
1272 2600 1377 2648 ieiunium

318 2681 422 2728 esurienti
438 2681 535 2738 pncbec
560 2681 643 2740 Quinta
658 2681 747 2728 exbibet
763 2681 894 2728 biicbaelcm
916 2681 940 2727 in
964 2681 1028 2726 horto
1043 2681 1156 2727 Christum
1171 2681 1285 2727 solantem.
1309 2680 1378 2728 Seria

317 2760 404 2808 demum
415 2761 437 2808 S.
449 2761 538 2808 Petrum
548 2775 562 2808 e
571 2774 658 2808 carcere
669 2762 805 2820 Solpmcmm
818 2761 948 2808 mirabiliter
958 2761 1068 2807 educmm.
1080 2761 1121 2808 Die
1132 2761 1231 2817 murto,
1246 2773 1324 2819 nempe
1344 2761 1376 2808 111

316 2840 403 2888 mend.
419 2841 514 2888 colubria
529 2855 588 2888 anno
603 2841 828 2899 decommum,
845 2843 951 2900 compium
968 2855 982 2887 a
997 2841 1116 2888 laurencio
1130 2841 1240 2900 Episcopo
1255 2841 1324 2888 saorla
1338 2841 1376 2888 dc-

316 2921 389 2968 namu.
404 2920 512 2968 Solemnis
527 2922 584 2968 rilue
599 2921 744 2969 dedicationis
759 2921 897 2968 describitur.
921 2921 1043 2979 Episcopus
1065 2921 1116 2980 (qui
1135 2921 1194 2967 inter
1209 2920 1303 2968 Scnctee
1317 2934 1375 2967 nunc

317 3003 455 3060 rwenaebm)
469 3003 492 3048 in
509 3002 610 3060 bomilia,
627 3015 692 3060 quem
709 3002 787 3060 habeb,
803 3003 898 3062 plurime
915 3002 942 3048 de
959 3002 981 3050 S.
992 3002 1098 3052 Michaele
1114 3015 1140 3047 ac
1156 3001 1184 3048 de
1199 3002 1295 3058 (largam
1310 3015 1374 3060 specu

316 3085 340 3128 eb
354 3084 437 3141 templo
452 3083 527 3130 murra
542 3083 655 3142 praedioli
673 3084 797 3141 Postremo,
813 3083 925 3130 occeaiona
940 3083 1031 3142 psalmi,
1047 3084 1161 3141 Exercet
1177 3083 1254 3139 Deum
1269 3083 1307 3140 qui
1323 3083 1374 3128 ulbi-

316 3175 366 3210 mue
379 3163 402 3209 iu
419 3164 509 3210 aolamui
525 3163 661 3210 dedicatione
677 3165 777 3220 canitur,
793 3163 913 3212 decincti
929 3163 1028 3210 Ecclesia
1039 3165 1062 3209 eb
1072 3164 1101 3210 de
1115 3163 1258 3222 triumphalia
1274 3162 1374 3210 bceiibue

315 3245 384 3290 mulia
400 3245 590 3302 praenunciantur.

408 3523 478 3587 lam
502 3521 600 3604 felix,
623 3520 800 3604 Gargana,
822 3521 899 3605 polo
921 3521 1075 3606 delapsus
1097 3523 1140 3590 ab
1162 3522 1231 3588 alto

320 3645 595 3732 Quandoquidem
618 3643 762 3713 Michacl
786 3646 885 3712 terris
906 3646 1015 3730 magis
1037 3647 1192 3715 omnibus
1214 3663 1319 3714 unum

320 3770 366 3836 Te
388 3769 485 3854 colit,
508 3772 545 3837 ct
566 3771 663 3838 tento
686 3771 721 3837 le
742 3785 905 3854 praesens
926 3771 1031 3854 auget
1053 3770 1190 3838 honore.

319 3895 392 3961 Iam
415 3895 448 3962 le
470 3893 632 3978 Carmeli,
655 3893 724 3962 iem
746 3895 781 3962 te
804 3893 966 3962 Libenivc
988 3894 1159 3963 Galaedve

253 4019 276 4083 5
319 4017 480 4086 Praelero
501 4017 692 4086 verticibus,
716 4017 844 4086 Gentes
865 4018 893 4084 il
915 4016 1007 4086 fama
1027 4037 1245 4105 perennes,

318 4141 589 4228 Christiadeaque
610 4143 702 4210 inter
723 4146 795 4210 coco
817 4143 1042 4211 celebr-aberis
1062 4162 1149 4212 aevo

320 4266 496 4351 Religione
516 4283 629 4350 aecem
650 4267 812 4336 seiunctis
832 4268 967 4337 orbibus
988 4285 1058 4336 una

320 4391 468 4460 Affluere
491 4391 555 4460 huc
576 4393 731 4479 populos,
756 4394 884 4462 visuros
905 4394 1071 4479 Principia
1092 4393 1212 4461 aedem

319 4519 468 4606 Αερίοἰο,
492 4523 529 4586 et
549 4535 661 4587 sacrae
683 4518 827 4589 humiles
849 4521 1067 4606 procumbere
1090 4518 1133 4584 ad
1155 4537 1240 4586 erae.
