3472 5360
668 538 780 589 uranu
802 537 936 589 eamus
1348 529 1412 595 175

305 672 380 754 Ipse
403 666 492 752 regit
516 665 631 749 patres
653 665 761 746 Deus,
778 641 824 732 et
847 681 938 733 nove
961 666 1100 737 foedera
1123 669 1254 756 pangit.

307 787 455 868 Quaesiti
477 785 626 855 subeunt
647 803 767 870 reges,
785 754 853 854 'bos
875 788 1044 857 maximus
1067 791 1162 858 inter

195 915 262 982 555
308 911 456 995 Iessides,
479 910 612 978 cithera
634 909 798 996 insignis,
823 909 879 996 qui
904 912 1057 1000 carmine
1078 933 1174 983 sacro

306 1037 520 1106 servatorem
543 1035 737 1116 hominum,
760 1033 934 1121 delapsam
958 1055 978 1103 e
999 1038 1135 1107 sedibus
1157 1040 1236 1108 altis

308 1159 531 1248 Progeniem,
556 1159 668 1243 canit,
692 1161 796 1246 atque
820 1160 931 1246 inopis
954 1181 1041 1248 quae
1064 1164 1178 1233 taedia
1201 1165 1294 1234 vitae

308 1286 462 1371 Quotque
487 1284 577 1352 foret
597 1283 689 1351 diros
712 1284 831 1353 mortis
854 1304 995 1371 passura
1017 1287 1168 1373 dolores,

308 1395 468 1494 Tergeret
489 1411 528 1476 nt
552 1407 646 1476 labes
667 1409 845 1496 omnisque
868 1411 1004 1495 piacula
1025 1415 1157 1500 gentis:

196 1537 262 1603 560
308 1534 428 1620 Regali
451 1533 596 1602 Iessidae
619 1533 748 1602 etenim
771 1534 966 1604 desemine
990 1557 1152 1624 magnam

189 1709 196 1718 .
309 1661 498 1729 Venturam
520 1657 690 1740 sobolem,
713 1657 817 1728 decus
838 1663 875 1728 et
897 1664 1054 1730 tutamen
1078 1665 1191 1732 Iudae.

309 1785 362 1854 Sic
383 1785 536 1873 patribus
557 1786 723 1873 promima
744 1784 890 1868 dabant,
912 1787 961 1853 sic
984 1789 1139 1874 praescia
1161 1795 1279 1858 vatum

308 1912 446 1995 omina,
468 1912 517 1981 sic
538 1911 710 1998 Baptista,
733 1913 823 1979 Deus
845 1930 947 1998 quem
970 1914 1228 2004 praetulitipse

309 2038 487 2120 Omnibus,
511 2040 550 2104 ιιι
571 2038 693 2105 natum
715 2037 857 2106 tandem
880 2038 1080 2108 mortalibus
1101 2043 1215 2127 aegrls

197 2167 264 2232 565
308 2164 473 2233 Proderet
496 2164 709 2249 Assertorem
732 2163 909 2232 bominum
932 2167 1181 2254 Auctoremque
1204 2168 1341 2253 salutis,

306 2294 350 2358 Et
371 2289 502 2376 fulgere
527 2307 636 2358 novae
658 2290 761 2358 terris
782 2290 966 2377 primordie
989 2291 1082 2360 lucis.

307 2415 371 2484 Sed
393 2417 493 2484 Iudas
514 2416 625 2484 caecis
647 2415 868 2485 tenebrarum
891 2417 1083 2486 obvolvitur
1104 2422 1249 2489 umbris:

308 2544 381 2610 Heu
405 2541 507 2610 miser
529 2541 714 2611 innocuum
736 2543 865 2612 crudeli
887 2543 1008 2614 funere
1031 2544 1158 2631 perdit!

311 2671 355 2736 ‚tt
376 2668 529 2736 Christus
551 2667 681 2736 tumido
704 2669 842 2738 devicta
865 2674 973 2740 morte
996 2673 1162 2760 resurgit,

201 2794 264 2859 570
310 2793 355 2860 Ut
376 2793 473 2860 vates
494 2791 652 2860 cecinere
674 2793 779 2874 saori3
803 2811 866 2862 nos
885 2793 1030 2864 vidimus
1052 2795 1115 2884 ipsi

310 2916 440 2986 vitales
461 2917 649 3004 spirantem
672 2937 790 3001 auras,
814 2920 851 2987 et
873 2918 1002 2994 lumine
1023 2920 1079 2989 dio

308 3043 552 3131 Aligerumque
574 3044 694 3111 choros
717 3045 809 3113 inter
831 3045 1061 3114 conscendere
1084 3047 1226 3116 caelum.

396 3171 492 3240 Talia
514 3171 594 3238 dum
617 3171 796 3257 relegens,
820 3172 938 3241 divine
960 3174 1136 3243 volumina
1160 3178 1281 3244 Petrus

307 3295 459 3377 Evolvit,
485 3297 571 3365 Deus
593 3296 703 3364 almus
725 3298 823 3366 adest
845 3300 881 3364 et
903 3301 1044 3384 pectore
1067 3303 1190 3368 verset.

200 3425 265 3490 575
307 3421 492 3506 Gamaliel,
516 3422 630 3508 plures
652 3423 757 3494 Indae
778 3441 881 3510 quem
904 3423 1027 3494 deinde
1049 3427 1175 3510 secuti,

307 3545 481 3616 Lustrales
502 3565 564 3633 per
585 3565 692 3635 aquas
714 3548 837 3617 Christi
860 3552 1063 3618 accensetur
1084 3550 1174 3618 ovili.

395 3674 482 3740 Dum
503 3674 618 3741 studet
639 3673 692 3740 his
714 3676 851 3757 Petrus,
876 3675 1034 3744 turbatur
1056 3677 1166 3744 Roma
1190 3680 1331 3763 repente

309 3798 447 3885 Ingenti
469 3817 622 3869 rumore:
648 3801 738 3869 Nero
760 3800 830 3868 iam
853 3801 1029 3870 moenibus
1051 3775 1152 3870 astat.

309 3925 491 3996 Incolumis
512 3925 571 3995 sed
594 3926 688 3995 enim
707 3926 805 4013 graio
828 3926 870 3994 de
894 3927 994 3996 litore
1016 3927 1158 4012 Caesar,

199 4056 264 4120 580
310 4055 355 4120 Ut
377 4052 504 4136 victor,
527 4051 648 4140 patriis
669 4051 830 4140 appulsus
853 4053 976 4121 tinibus
999 4054 1103 4137 Anti,

310 4179 465 4246 Venerat
487 4178 657 4248 Albanum
686 4181 723 4248 et
744 4197 859 4247 muros
880 4182 1073 4249 accesserat
1095 4180 1201 4248 Urbis

309 4305 384 4382 Qua
406 4323 506 4374 eursu
529 4305 663 4374 brevior
685 4305 842 4392 mitisque
865 4308 1101 4374 obmurmurat
1122 4306 1238 4390 Alme,

310 4430 487 4513 Constitit,
511 4432 655 4518 Augusti
679 4449 816 4500 currum
839 4432 1039 4500 conscendit
1067 4435 1105 4499 et
1126 4432 1211 4500 albis

309 4558 426 4645 Carpit
450 4559 516 4628 iter
536 4561 718 4628 subvectus
740 4559 836 4646 equis
864 4559 1068 4647 simulatque
1090 4559 1308 4645 triumphum.
