3576 5376
334 541 399 607 398
888 558 1002 608 vlam

442 683 516 760 Qua
538 685 673 752 ratione
696 684 817 769 potest.
841 683 931 750 Dura
953 681 1018 750 ah!
1043 679 1202 750 mortalia
1221 681 1324 748 corda

446 809 559 894 Atque
582 807 707 891 oblita,
730 807 837 873 animi
860 809 978 891 gratos
999 806 1117 874 discite
1140 805 1277 873 sensus!

442 931 506 1000 Sed
529 931 604 1000 sino
627 931 696 999 iam
718 931 890 998 volucrem
914 930 1039 1016 patulis
1061 929 1155 998 exire
1180 927 1358 997 fenestris:

353 1054 397 1121 99
441 1055 503 1123 Illa
527 1054 614 1140 ingit
636 1054 740 1122 celeri
763 1055 927 1140 liquidum
950 1053 1139 1140 perinane
1162 1053 1255 1120 volat
1280 1103 1287 1120 .

530 1183 644 1263 Haec,
668 1179 809 1262 Frater,
832 1179 1027 1248 meminisse
1051 1179 1163 1246 iuvat:
1186 1179 1245 1245 sed
1276 1176 1438 1263 temporis
1460 1177 1542 1244 ordo

444 1307 497 1373 Me
521 1307 661 1374 revocat
682 1308 907 1392 coeptumque
929 1304 1024 1371 iubet
1045 1309 1226 1390 pertexere
1249 1318 1397 1371 carmen.

442 1431 534 1497 Hora
556 1429 662 1514 igitur
684 1429 816 1496 mediae
839 1446 944 1514 quum
965 1427 1198 1514 praeterlapsa
1220 1427 1286 1494 diei
1309 1431 1381 1506 est,

442 1552 628 1620 Extimulat
650 1553 774 1618 venter
798 1551 921 1638 frugali
943 1552 1144 1620 accumbere
1167 1567 1315 1618 mensae.

354 1679 398 1744 95
441 1677 504 1744 Hic
527 1677 609 1742 milri
633 1676 799 1762 pulmenti
823 1675 943 1761 patina
966 1679 1018 1743 est
1041 1678 1078 1743 et
1101 1675 1230 1744 fercula
1253 1676 1386 1741 tantum

443 1801 549 1886 Bina,
573 1803 609 1868 et
633 1800 744 1881 trina,
768 1800 857 1867 ullus
879 1800 906 1867 si
931 1799 1019 1867 sorte
1043 1799 1221 1868 advenerit
1244 1799 1380 1884 hospes,

444 1926 639 1994 Vernantes
659 1927 787 1994 herbae
810 1925 957 2012 lectique
980 1923 1167 1993 exardere
1192 1925 1339 2006 fruetus,

445 2050 558 2120 Mollia
581 2051 679 2136 fraga
701 2050 788 2136 iugis
810 2069 877 2137 qua
899 2051 1103 2135 tempestate
1127 2049 1319 2117 rubescunt

442 2177 522 2242 Post
545 2177 631 2242 haec
653 2174 779 2261 exiguo
802 2173 906 2242 liceat
929 2172 1010 2242 dare
1033 2190 1175 2260 corpora
1196 2188 1336 2255 somno,

335 2297 397 2364 100
442 2299 486 2365 Ut
509 2297 613 2366 fessas
636 2300 768 2366 recreet
790 2297 902 2364 vires:
928 2315 1009 2364 nam
1031 2297 1160 2365 tardior
1181 2299 1278 2364 aetas

441 2423 526 2488 Ecce
551 2420 665 2502 venit,
689 2420 803 2487 decies
824 2421 899 2489 seni
924 2420 1110 2488 volvuntur
1133 2422 1169 2487 et
1191 2419 1286 2488 anni.

442 2545 526 2613 Inde
548 2543 763 2614 sacerdotum
784 2546 937 2630 praestat
960 2544 1123 2613 cecinisse
1145 2543 1285 2612 diurnas

444 2670 700 2755 Nocturnasque
722 2686 861 2756 preces;
885 2669 1024 2736 veniam
1046 2687 1189 2737 exorare
1214 2685 1352 2736 necesse
1375 2671 1427 2735 est

444 2793 486 2860 st
507 2809 648 2877 pacem,
672 2810 776 2879 quum
799 2795 898 2861 tanta
920 2795 1080 2879 premant
1101 2793 1315 2862 incommoda
1337 2794 1450 2861 vitae:

337 2920 398 2984 105
442 2918 720 3004 Quandoquidem
743 2919 879 2986 crudele
903 2919 1043 3002 iugum,
1068 2919 1219 2986 crudelia
1241 2919 1331 2986 iussa
1449 2929 1456 2956 ⁸

443 3041 669 3124 Perserimus,
693 3043 826 3129 patriae
848 3043 1005 3110 mendaci
1029 3061 1191 3128 urgemur
1214 3061 1349 3124 amore;

443 3167 529 3234 Hinc
552 3166 654 3234 italus
675 3165 792 3250 nobis,
817 3184 888 3233 non
912 3168 1074 3234 barbarus
1095 3167 1252 3235 imminet
1274 3167 1387 3235 hostis.

443 3291 566 3360 Desero
588 3290 669 3360 dein
690 3291 794 3360 aedes
816 3309 931 3359 rursus
953 3294 1161 3378 comitesque
1184 3292 1339 3379 requiro,

446 3417 490 3483 Ut
512 3416 599 3484 comi
622 3415 716 3483 fruar
737 3415 885 3501 alloquio
908 3417 944 3485 et
965 3417 1120 3485 solamen
1142 3417 1278 3503 apricas

339 3541 400 3607 110
445 3541 519 3609 Sint
534 3540 617 3610 mihi
633 3541 731 3608 dulce
746 3541 843 3608 viae:
861 3546 898 3609 et
913 3544 1001 3628 quod
1017 3562 1113 3611 amor
1127 3544 1304 3630 pietasque
1319 3543 1481 3610 sacellum
1501 3543 1546 3622 (8),

445 3666 571 3751 Virgo,
595 3665 656 3734 tibi
678 3667 851 3749 statuere,
874 3671 976 3752 peto:
999 3687 1080 3736 mox
1102 3669 1228 3755 poplite
1252 3685 1356 3736 curvo

444 3791 535 3858 Vota
556 3790 629 3859 iero
651 3791 814 3877 supplex,
838 3789 958 3859 dorum
980 3796 1017 3860 et
1039 3793 1240 3862 munuscula
1264 3811 1362 3879 pono.

444 3911 509 3980 Sed
530 3914 600 3982 iam
621 3916 690 3982 stat
712 3932 874 3986 revocare
894 3917 1039 4003 gradum
1062 3917 1245 4004 sedemque
1266 3918 1402 4000 subire,

446 4043 533 4110 Nam
554 4042 658 4127 caput
679 4040 827 4109 occuluit
848 4041 919 4124 sol,
943 4059 1013 4108 nox
1035 4041 1104 4109 ruit
1125 4041 1265 4109 humida
1287 4041 1391 4110 caelo.

339 4166 401 4234 115
533 4165 596 4233 Hic
618 4164 724 4251 igitur
744 4163 842 4231 tenui
864 4181 992 4249 pronus
1013 4165 1075 4232 snb
1097 4164 1248 4252 imagine
1273 4165 1380 4250 frugis

446 4293 510 4374 Te,
533 4308 554 4359 o
576 4289 730 4371 Christe,
754 4289 848 4358 colo:
873 4307 968 4358 caros
990 4288 1070 4356 dein
1092 4289 1185 4357 inter
1207 4291 1335 4358 amicos

447 4418 532 4484 Acta
554 4415 678 4483 diurna
700 4416 799 4500 lego,
824 4433 944 4500 regum
966 4433 1052 4501 quae
1077 4416 1169 4483 iacta
1190 4419 1353 4483 retexunt

447 4543 489 4608 111
513 4540 624 4626 populi
651 4540 828 4625 variasque
841 4539 965 4622 sices,
989 4541 1104 4608 animo
1127 4540 1219 4608 haud
1241 4543 1357 4608 tamen
1381 4557 1499 4625 aequo.
