3560 5368
674 541 784 592 urana
807 543 957 595 rnarrvs
1354 529 1414 594 211

319 666 417 733 Haud
438 683 556 748 secus,
580 668 620 732 ut
642 664 734 734 lama
756 667 828 746 est,
855 664 924 733 albi
946 685 1051 754 prope
1076 669 1176 736 binus
1198 668 1308 735 olores

320 791 361 856 Et
382 787 498 857 dulces
519 788 668 874 gemitus
691 790 726 855 et
748 787 868 856 suavia
890 789 1044 858 earmina
1067 792 1224 876 produnt

211 915 273 980 105
318 913 378 982 Ille
401 913 506 997 igitur
526 912 669 995 stando,
693 911 813 999 palmis
836 912 878 979 ad
901 916 1020 999 peetus
1043 915 1193 1002 utrisque

320 1037 491 1106 Consentis
513 1036 622 1104 crucis
643 1036 677 1103 in
701 1054 852 1118 morem,
886 1037 1050 1125 vultuque
1073 1041 1222 1108 micante

318 1163 513 1248 Erectisque
536 1161 658 1244 oculis,
682 1162 813 1246 legeret
834 1160 929 1230 velut
949 1163 1066 1231 abdita
1088 1164 1204 1244 eaelo,

316 1289 408 1354 Haeo
430 1304 579 1368 arcana,
604 1286 688 1353 Lino
711 1284 827 1353 comiti
849 1286 1034 1370 signanda,
1058 1287 1222 1357 docebat:

318 1449 360 1460 --
384 1411 532 1479 Nuntius
553 1411 624 1497 ipse
648 1411 770 1478 Petrus
791 1411 907 1478 Simon
930 1415 966 1480 et
986 1430 1104 1480 servus
1127 1416 1201 1481 Iesu

212 1537 271 1603 110
316 1539 408 1604 Haeo
430 1536 540 1604 scribo
562 1535 674 1618 vobis,
699 1534 756 1620 qui
779 1539 870 1605 sorte
894 1536 1021 1604 tenetis
1043 1539 1199 1605 eamdem

320 1660 552 1747 Iustitiamque
575 1657 761 1746 fidemque;
786 1659 953 1746 benignus
976 1678 1120 1730 munera
1141 1662 1293 1730 cbristus

318 1787 453 1870 Augeat
477 1790 512 1854 et
535 1803 674 1872 pacem:
699 1786 817 1854 Proles
837 1788 982 1854 aeterna
1005 1787 1162 1854 Parentis

319 1913 481 1994 Aeterni,
505 1914 617 1996 Deus,
640 1916 680 1981 ut
701 1912 864 1982 mortales
885 1912 997 1980 induit
1018 1915 1130 1994 artus,

317 2039 448 2106 Cuncta
468 2038 563 2106 dedit
586 2040 694 2120 bona,
718 2041 755 2106 et
776 2037 920 2105 infirmis
942 2037 1140 2105 mortalibus
1162 2056 1263 2106 omne

211 2167 273 2231 115
318 2163 488 2250 Dilapsum
510 2181 530 2230 e
553 2162 657 2232 caelis
679 2165 714 2231 et
737 2162 967 2232 inenarrabile
990 2164 1116 2231 donum

316 2289 481 2358 Attribuit
500 2289 570 2372 sic,
593 2307 741 2375 namque
765 2291 871 2356 Deum
894 2292 1116 2377 eognovimus
1138 2310 1263 2373 unum,

316 2413 466 2482 Maxima
487 2413 544 2501 qui
567 2413 664 2481 nobis
686 2412 792 2481 donat
812 2414 1000 2499 promissa:
1023 2417 1150 2503 beique

318 2537 506 2624 Partioip'es
528 2538 632 2606 etiam
656 2537 842 2620 efficimur,
865 2540 893 2605 si
914 2557 1057 2626 spesque
1081 2541 1231 2628 fidesque

318 2667 430 2753 Atque
453 2683 550 2733 amor
572 2666 608 2733 11
630 2667 739 2733 virtus
760 2666 917 2734 aethram
938 2685 1040 2754 super
1060 2668 1187 2738 evehat
1208 2670 1350 2750 ardens,

212 2793 273 2859 120
318 2795 360 2859 nt
382 2810 542 2878 superum
566 2781 944 2877 regnum'ingredimur
965 2793 1135 2880 1111111111
1160 2795 1324 2880 potimur;

318 2917 467 3004 Pignora
491 2936 572 2986 cara
594 2919 663 2987 Deo
685 2935 800 2986 sumus
823 2920 859 2987 et
881 2917 1044 2989 divinitus
1066 2920 1140 2987 orti.

321 3040 430 3109 Altius
451 3041 537 3110 haec
558 3041 682 3109 animis
705 3041 809 3126 igitur
831 3059 910 3110 mea
932 3042 1027 3127 figite
1049 3043 1162 3124 dieta,

316 3170 418 3237 Certa
440 3168 566 3254 loquor.
591 3169 726 3237 Mortali
750 3169 879 3236 etenim
902 3169 972 3236 iarn
994 3187 1133 3256 corpore
1156 3169 1284 3248 solvor,

317 3295 382 3364 Sed
397 3314 474 3364 mea
488 3296 593 3363 verba
615 3297 772 3376 manent,
797 3295 994 3382 nullumque
1017 3297 1193 3364 oblitterat
1215 3315 1348 3364 aevum.

211 3423 272 3488 125
318 3421 440 3489 Faetus
462 3421 562 3488 bomo
585 3422 673 3489 bens
695 3420 849 3489 edocuit:
871 3438 977 3506 quum
1000 3421 1127 3489 vertice
1152 3421 1284 3490 Thabor

316 3549 470 3616 Emonam
490 3548 633 3629 saneto,
657 3564 724 3614 vox
748 3546 843 3614 caelo
865 3545 1011 3614 elabitur
1033 3546 1118 3628 alto,

318 3675 540 3759 Testaturque
563 3671 623 3740 Dei
645 3671 813 3752 Subolem,
839 3671 1022 3758 divinaque
1046 3676 1187 3742 mandat

318 3801 410 3865 Iussa
431 3797 543 3883 sequi:
569 3796 688 3866 mediis
708 3796 767 3865 sed
790 3796 849 3864 lux
870 3801 991 3865 exorta
1013 3799 1164 3867 tenebris

318 3921 464 4006 Effulget
485 3920 578 4004 late,
600 3938 704 4007 quam
725 3939 825 3988 sacra
845 3920 1021 3989 volumina
1043 3923 1160 3990 vatum

212 4049 273 4116 130
317 4047 524 4130 Effundunt,
546 4049 774 4134 sternuntque
798 4046 909 4129 viam,
934 4065 1021 4134 quae
1044 4048 1136 4114 ducit
1158 4048 1202 4116 ad
1224 4053 1326 4118 astra.

319 4175 386 4241 Ah!
413 4173 518 4242 fortes
539 4176 648 4242 estote
672 4174 841 4260 bonique;
865 4191 930 4243 neo
952 4193 1049 4243 error
1070 4178 1107 4243 et
1128 4175 1217 4245 ullae

315 4304 385 4370 Vos
406 4302 546 4388 capiant
568 4301 720 4384 fraudes3
744 4301 819 4370 falsi
841 4319 923 4369 nam
944 4319 1047 4388 saepe
1070 4304 1222 4388 magistri

317 4427 486 4498 Sedneeut
508 4425 683 4509 monstris,
707 4424 903 4513 mellitaque
927 4425 1031 4493 verba
1053 4425 1245 4511 loquentur.
1375 4405 1376 4410 ¹

318 4551 475 4637 Abripiat
495 4567 559 4618 nee
583 4569 642 4618 vos
664 4569 806 4634 aurum,
831 4567 895 4618 nee
919 4550 1043 4617 blanda
1065 4550 1238 4636 voluptas,
