3472 5360
555 532 666 584 brena
689 533 868 586 sncvunvs
1344 520 1404 586 103

298 659 414 727 Μ1111
437 658 545 726 cadit:
571 675 636 727 nec
657 659 766 728 honos
789 677 854 728 nec
876 661 974 747 copia
996 661 1111 729 divitis
1132 661 1205 728 auri
1255 729 1261 744 ,

297 780 413 847 Allicit
434 783 496 849 aut
516 798 605 867 quae
628 780 731 848 corda
751 782 842 867 rapit
865 799 994 874 vesana
1016 782 1147 868 cupido.

189 907 253 972 300
298 908 367 974 Vos
388 906 517 974 recolo:
541 907 755 992 augeturque
778 905 862 973 fides
883 905 1094 993 flammisque
1118 925 1302 976 renascens

297 1028 405 1096 Corda
429 1029 521 1096 lovel
543 1027 699 1096 caelestis
721 1045 839 1112 amor,
863 1045 1006 1116 spesque
1029 1029 1132 1116 erigit
1155 1048 1224 1098 una

296 1155 349 1220 lle
372 1153 500 1222 socium
525 1154 619 1220 vobis
641 1155 787 1221 aeterna
808 1154 843 1220 in
869 1153 945 1222 luce
970 1155 1130 1222 futurum.

385 1281 508 1348 Petrus
531 1284 569 1346 ut
591 1278 723 1347 excidio
745 1283 903 1346 sanctum
927 1279 1105 1370 deperdier
1127 1300 1253 1366 agmen

298 1401 425 1488 Aspicit
446 1402 588 1469 immani
611 1419 715 1487 seque
737 1401 945 1469 interiecta
971 1402 1135 1472 Pudentis

188 1529 254 1594 305
300 1527 436 1607 lutari,
461 1527 550 1594 tanti
573 1545 731 1594 securum
754 1526 903 1594 nominis
925 1530 1065 1610 umbra,

299 1653 412 1719 Uritur
434 1653 537 1737 atque
560 1649 676 1717 animo
698 1652 768 1718 stat
790 1651 996 1736 compellare
1021 1657 1227 1737 tyrannum,
1283 1749 1285 1752 Ι

300 1776 333 1844 Si
357 1793 424 1863 qua
447 1775 536 1842 foret
556 1773 668 1860 pietas
690 1777 751 1842 aut
774 1779 867 1844 certo
890 1777 1091 1846 occumbere
1113 1779 1192 1847 leto.

297 1903 418 1968 Pastor
439 1917 588 1987 namque
612 1899 720 1969 bonus
743 1899 868 1988 (tacito¹
883 1901 932 1968 sic
955 1904 1056 1971 corde
1080 1903 1238 1992 revolvit)

297 2026 362 2092 Dat
383 2023 490 2091 vitam
513 2025 552 2090 ut
570 2027 712 2092 tueatur
735 2042 816 2092 oves
838 2027 978 2093 tueatur
1000 2030 1036 2094 et
1057 2045 1189 2113 agnos;

186 2150 252 2218 310
296 2151 363 2216 Pro
385 2149 500 2216 multis
521 2149 548 2215 si
574 2148 660 2217 forle
684 2150 785 2217 cadet
806 2153 930 2236 caput,
953 2151 1005 2219 ira
1028 2137 1188 2239 quiescet.

296 2277 388 2342 Haec
411 2291 605 2342 memorans
627 2291 731 2360 quum
754 2292 872 2358 regem
893 2277 1058 2344 audacter
1079 2279 1175 2348 adire
1197 2284 1356 2366 pararet,

299 2401 384 2467 Ecce
407 2399 563 2480 Pudens,
586 2398 692 2466 cladis
715 2400 833 2482 testis,
856 2401 911 2466 cui
934 2404 1054 2487 pectus
1076 2405 1239 2472 anhelum

298 2525 498 2611 Arrectique
521 2527 615 2592 metu
638 2523 750 2592 crines
776 2525 1008 2612 pallentiaque
1030 2546 1122 2610 ora;

296 2651 413 2720 Victus
434 2668 551 2718 amore
574 2652 689 2734 Petri,
713 2651 862 2720 lacrimis
884 2654 1032 2721 occurrit
1053 2656 1187 2743 eunti:¹

187 2779 253 2845 315
297 2777 420 2845 Sancte
444 2777 577 2858 Senex,
601 2777 651 2843 ait
673 2776 752 2861 ille,
775 2777 834 2844 ab!
859 2781 894 2846 te
916 2779 945 2846 si
967 2799 1050 2848 cura
1072 2785 1207 2848 tuorum

297 2897 372 2966 Ulla
395 2901 513 2980 tenet,
536 2899 565 2966 si
588 2901 669 2966 vota
692 2899 810 2969 valent
832 2901 963 2969 orantis
987 2902 1110 2984 amici,

295 3024 394 3110 Eripe
417 3027 452 3090 te
475 3024 566 3104 leto,
592 3025 698 3093 tantis
720 3027 757 3094 et
779 3025 861 3093 cede
885 3027 1029 3113 periclis.
1353 3107 1355 3112 ¹

296 3151 504 3218 Cunctorum
527 3149 563 3215 in
587 3153 622 3218 te
644 3150 873 3218 Christiadum
894 3170 1005 3236 genus
1026 3172 1127 3222 omne
1151 3153 1333 3222 recumbit:

295 3277 329 3344 Si
352 3275 464 3358 cadis,
486 3275 548 3343 ahl
574 3276 705 3344 miseris
726 3276 805 3362 quid
830 3279 958 3345 restati
982 3282 1100 3347 navita
1121 3281 1263 3364 cymbae

186 3405 251 3470 320
296 3401 329 3468 Si
351 3399 489 3468 tumidis
509 3401 708 3487 absumptus
728 3401 847 3487 aquia,
870 3403 1080 3472 absumimur
1102 3423 1230 3472 omnes,

296 3527 402 3594 Probi
427 3526 542 3609 dolor,
567 3527 635 3594 beu
659 3527 940 3626 nimiourecalent
964 3529 1112 3598 tiberina
1133 3530 1262 3599 fluenta

295 3654 468 3740 Sanguine
490 3653 622 3736 adbuc,
646 3654 770 3739 passim
792 3654 968 3742 discerptis
989 3655 1244 3741 amphitheatra

294 3779 507 3866 Sparguntur
529 3780 711 3863 membris,
733 3780 944 3866 flammiscue
968 3782 1145 3848 voracibus
1169 3783 1231 3848 ust'

296 3906 531 3992 christigenae
555 3907 684 3974 Rumae
706 3905 838 3992 plateas
859 3909 896 3974 et
918 3909 1066 3993 compita
1088 3909 1241 3978 clerani!

186 4033 251 4099 325
298 4033 451 4100 Vivimus
472 4050 517 4100 an
540 4032 652 4118 potius
674 4032 857 4102 morimur?
881 4053 971 4102 mors
994 4035 1141 4122 undique
1164 4037 1274 4104 saevis

296 4159 448 4244 Apparet
471 4157 607 4240 formis,
631 4161 786 4226 nostrum
808 4159 1008 4245 cuicumque
1031 4161 1157 4228 securis

295 4285 474 4365 Imminet,
497 4283 662 4352 assimiles
684 4285 784 4370 agnis
806 4285 1014 4354 traducimur
1036 4305 1126 4354 arae.

296 4413 342 4478 Te
364 4427 485 4494 serva,
508 4411 589 4477 dum
612 4413 746 4496 tempus
767 4411 883 4493 adest,
909 4415 943 4479 te
964 4413 1126 4479 subtrahe
1149 4413 1246 4480 cladi.

383 4535 444 4604 Ille
467 4535 540 4620 his3
565 4538 720 4606 Praxede
741 4537 844 4606 subiit
867 4539 1043 4624 materque
1065 4557 1225 4624 sororque

1262 4685 1291 4731 11
