3576 5376
794 581 908 632 VARIA

356 713 442 779 Nam
466 713 561 779 lenes
584 710 673 778 letias
696 713 733 778 et
754 708 847 777 lenia
869 713 1025 796 tempora
1048 713 1209 794 poscunt,

268 837 312 903 25
357 837 451 935 Neve
473 837 535 903 sub
557 833 689 918 algenti
711 836 853 920 possunt
874 851 911 901 se
932 831 1053 900 tollere
1077 832 1189 917 caelo,

356 963 398 1028 Et
420 959 542 1042 tellus,
565 957 713 1027 medium
735 959 779 1025 ad
801 958 907 1026 solem
930 975 1019 1044 quae
1041 961 1174 1044 spectat
1197 960 1313 1046 aprica

356 1085 428 1152 Nec
450 1087 589 1153 boream
612 1083 751 1166 metuit,
776 1082 883 1167 fragis
904 1083 1014 1169 magis
1035 1085 1118 1170 apta
1142 1083 1299 1154 ferendis.

356 1212 434 1280 Non
456 1211 557 1279 olitor
578 1211 732 1278 saturare
756 1209 836 1277 fimo
858 1208 914 1278 vel
936 1226 1047 1277 naurs
1069 1211 1184 1279 omisit

354 1335 495 1421 Saepius
516 1333 630 1402 effusis
652 1333 823 1420 plantaria
844 1351 1006 1420 spargam
1028 1335 1194 1421 lymphis,

266 1463 311 1529 30
356 1460 467 1537 Quum
488 1460 604 1530 renuit
625 1459 754 1544 campis
775 1458 909 1527 caelum
935 1460 1128 1528 sitientibus
1149 1461 1302 1530 imbrem.

356 1583 445 1674 Quin
468 1583 560 1669 prius
581 1585 618 1651 et
639 1582 758 1667 glebas
780 1600 918 1650 versare
948 1587 984 1651 et
1006 1583 1111 1652 dente
1134 1584 1259 1670 ligonis

355 1712 501 1778 incurro
524 1725 672 1796 purgare
694 1708 807 1789 iuvat;
832 1707 963 1776 felicior
985 1709 1076 1776 arvis

357 1833 496 1900 illicitur
518 1831 660 1916 fructus,
684 1829 786 1898 libras
807 1831 835 1898 si
859 1831 972 1899 caedis
993 1832 1116 1902 inanes

356 1960 398 2026 Et
420 1959 523 2042 longo
546 1957 647 2024 terris
669 1956 845 2040 reptantia
866 1956 1015 2025 stamina
1038 1956 1105 2025 iilo.

266 2081 311 2147 35
443 2077 607 2147 Attamen
630 2075 721 2144 baud
744 2094 812 2145 uno
835 2079 1024 2146 nascuntur
1045 2077 1204 2164 germine
1226 2079 1340 2163 fraga,

355 2205 399 2271 Ut
421 2204 580 2270 crescunt
602 2199 706 2269 variis
727 2201 844 2270 variae
867 2203 904 2269 in
927 2203 1123 2287 regionibus
1145 2203 1282 2271 herbae.

354 2331 430 2398 Non
453 2327 610 2415 equidem
632 2327 759 2396 multas
779 2328 910 2413 species
932 2331 969 2395 et
991 2329 1132 2396 nomina
1155 2328 1263 2398 multa

355 2453 522 2540 Purpurei
545 2453 675 2521 fruticis
697 2453 943 2539 comprendere
965 2455 1118 2522 versibus
1141 2453 1271 2523 ausim:

355 2579 452 2647 Musa
474 2577 579 2664 lbgit,
603 2577 683 2645 licet
705 2576 749 2644 ad
772 2577 917 2644 formam
939 2577 1075 2646 detorta
1096 2580 1258 2663 latinam,

267 2706 311 2772 40
355 2704 505 2772 Barbara
527 2701 633 2770 verba
653 2719 713 2770 suo
737 2719 809 2770 non
831 2702 994 2772 exaudita
1017 2705 1158 2773 Maroni.

355 2829 388 2897 Si
412 2831 529 2909 vacat,
553 2829 615 2895 aut
636 2826 753 2894 doctas
775 2826 919 2894 Linnaei
942 2827 1080 2913 perlege
1104 2828 1242 2897 chartas
1361 2868 1367 2876 -

353 2955 485 3030 Quaeve
510 2969 630 3020 recens
651 2954 766 3020 nostro
790 2953 999 3020 Duchesnius
1021 2953 1128 3021 edidit
1148 2973 1244 3022 aevo.

353 3079 439 3156 Quid
461 3077 569 3148 refert
590 3095 802 3161 memorare,
826 3081 887 3145 aut
910 3097 996 3164 quae
1020 3078 1169 3165 iragaria
1191 3097 1292 3148 vesca

354 3204 482 3273 Dicitur
510 3205 572 3271 aut
593 3203 694 3270 cultis
717 3205 869 3272 mercata
892 3206 946 3271 est
966 3222 1093 3273 nornen
1117 3205 1161 3272 ab
1184 3206 1290 3274 hortis

266 3328 310 3394 45
355 3326 418 3394 Vel
440 3343 527 3413 quae
549 3325 698 3410 virginio
720 3324 904 3394 succrescit
926 3325 1025 3394 litore
1056 3327 1112 3394 vel
1134 3345 1222 3413 quae

353 3449 521 3518 Chiloensi
544 3450 762 3534 mundoque,
796 3449 885 3517 altas
907 3467 1063 3536 quaeque
1085 3450 1204 3518 incolit
1225 3451 1329 3537 Alpes

354 3574 524 3643 Silvestris
546 3573 632 3642 facie
655 3574 802 3660 pallens,
826 3593 995 3661 quamque
1018 3575 1116 3642 India
1138 3576 1272 3661 gignit?

442 3700 506 3768 Sed
527 3717 700 3786 quaenam
723 3701 841 3768 mundi
863 3701 976 3786 regio,
1000 3719 1192 3787 quaenam,
1215 3701 1299 3770 itala
1322 3701 1422 3769 tellus

353 3829 558 3908 Fortunata,
582 3825 649 3893 tuis
673 3826 859 3893 contendet
882 3824 1046 3893 fructibus
1070 3827 1240 3910 unquaml

267 3951 310 4017 50
353 3949 485 4018 Cuncta
507 3949 568 4016 tibi
590 3948 682 4016 mitis
704 3948 822 4016 tribuit
844 3948 1029 4017 clementia
1050 3949 1137 4018 caeli

353 4075 475 4162 Nilque
498 4077 622 4162 negat3
645 4075 756 4161 plenis
777 4075 930 4144 flavescit
951 4093 1091 4160 campus
1112 4076 1225 4144 aristis

353 4203 396 4268 st
418 4200 542 4287 passim
564 4200 727 4286 gravidae
752 4201 862 4268 baccis
883 4202 1071 4268 curvantur
1093 4201 1204 4268 olivae

353 4323 571 4410 Plurimaque
592 4327 747 4410 agrestes
769 4325 873 4410 tingit
895 4325 1067 4392 vindemia
1090 4324 1241 4410 plantas,

355 4451 540 4519 Arboribus
562 4469 709 4537 pomona
731 4451 821 4519 nitet
850 4451 1010 4536 cultuque
1034 4450 1204 4536 frequenti

266 4579 310 4644 55
354 4578 508 4662 Undique
530 4595 717 4663 purpureos
740 4576 912 4645 imitantia
935 4576 1034 4662 fraga
1056 4581 1198 4663 tapetes.
