3564 5376
672 569 784 621 muns
805 567 954 621 TERTIVS

217 697 282 763 170
411 696 537 764 Contra
559 698 655 782 parte
679 697 747 765 alia
767 697 890 766 Christi
912 700 1087 784 spectatur
1108 699 1239 784 imago,

323 824 365 889 Et
387 821 460 890 loca
482 823 634 906 deserta,
657 831 693 891 et
715 823 773 890 vix
795 824 864 891 ulla
885 823 922 890 in
945 825 1083 910 rupibus
1106 826 1204 890 arbos

323 947 500 1033 Abruptis,
523 965 621 1015 rarae
644 947 699 1017 hic
721 949 757 1015 in
780 948 893 1034 opacis
915 948 1059 1016 vallibus
1081 947 1225 1028 herbae;

322 1074 425 1142 Putre
448 1074 556 1142 solum
578 1074 686 1142 multa
706 1075 819 1142 ventis
840 1075 1002 1142 miscetur
1023 1092 1148 1156 arena;

322 1201 393 1268 Nec
415 1199 491 1268 fons
512 1200 640 1286 irrigua
662 1219 727 1268 nec
749 1199 878 1267 rivulus
899 1195 1064 1285 obstrepit
1086 1198 1187 1267 unda.

217 1328 279 1392 175
323 1327 369 1393 At
390 1327 483 1412 longi
498 1326 696 1414 anfractus,
720 1327 799 1394 latis
820 1329 855 1396 et
879 1327 1027 1396 hiatibus
1047 1329 1169 1410 antra,

324 1453 466 1520 Horrida
487 1454 580 1521 tecta
602 1453 682 1520 seris
702 1453 911 1522 ululantibus
918 1473 927 1536 ;
951 1452 1041 1521 haud
1063 1454 1238 1519 hominum
1262 1468 1336 1516 vox.

325 1579 385 1646 Hic
407 1581 500 1647 Iesus
521 1578 631 1647 macie
651 1579 825 1665 squalens,
849 1579 976 1648 ieiunia
998 1581 1175 1665 postquam

325 1703 399 1772 Sole
422 1707 542 1791 quater
563 1703 651 1773 deno
672 1704 828 1787 durarat;
851 1703 981 1772 lumina
1002 1705 1185 1790 languent,

325 1829 446 1898 Inculti
469 1830 571 1916 capiti
594 1830 705 1898 crines
733 1830 928 1917 incultaque
951 1831 1070 1912 barba;

218 1957 281 2022 180
325 1956 388 2023 Olli
410 1955 484 2024 dira
506 1957 613 2024 sames
634 1975 755 2042 aegros
777 1956 972 2024 confecerat
993 1957 1104 2038 artns;

326 2081 368 2149 Et
389 2082 455 2164 vix,
470 2079 578 2149 forma
599 2080 674 2148 viri.
697 2081 841 2150 Michael
864 2083 901 2150 at
923 2081 1041 2148 missus
1062 2083 1106 2148 ab
1128 2080 1198 2149 alto

326 2207 595 2292 Caelicolumque
618 2223 756 2288 mantus,
781 2205 903 2274 faciem
924 2205 1117 2274 velantibus
1138 2205 1201 2273 alis

325 2329 506 2397 instituere
529 2329 649 2415 dapes,
671 2328 865 2415 hominique
888 2332 1023 2415 Deoque
1046 2328 1250 2396 ministrant

260 2433 265 2442 ⁸
410 2453 495 2521 Dein
518 2453 620 2539 longe
643 2456 810 2540 apparent
831 2453 1042 2539 Solymorum
1065 2453 1216 2535 moenia,
1240 2453 1332 2520 nvus

218 2580 280 2648 185
325 2581 416 2648 Haec
437 2598 541 2666 prope
563 2579 671 2647 volvit
692 2597 814 2666 aquae,
837 2579 920 2647 oleis
942 2579 997 2648 hic
1019 2580 1168 2647 consitus
1188 2579 1323 2661 hortus,

324 2707 407 2774 Late
430 2706 656 2791 intempestae
679 2706 788 2774 noctis
809 2706 1049 2774 moestissimus
1070 2707 1207 2787 umbra3

326 2832 477 2899 Nubibus
499 2831 665 2899 incertam
687 2831 801 2898 offusis
822 2831 882 2898 dat
902 2831 1029 2918 pallida
1051 2831 1161 2900 lucem

325 2957 421 3024 Luna
442 2957 533 3042 polo,
556 2955 721 3041 stratique
742 2956 808 3022 viri
830 2958 900 3024 tres
920 2956 1076 3041 gramine
1098 2957 1213 3024 tristes

325 3073 504 3148 Obducunt
525 3081 593 3148 iam
616 3099 708 3148 nuno
731 3081 932 3165 languentia
954 3081 1083 3148 lumina
1104 3100 1231 3150 somno.

218 3207 280 3272 190
324 3206 422 3274 Haud
443 3206 558 3292 procul
580 3206 693 3274 exciso
716 3207 876 3274 muscosis
897 3207 1036 3292 rupibus
1058 3209 1156 3275 antro

324 3331 494 3417 Aspicitur
515 3331 683 3414 Christus;
706 3329 815 3417 pallor
836 3330 1034 3399 diffunditur
1056 3349 1132 3414 ore,

324 3457 445 3525 Genua
465 3456 600 3540 labant,
623 3456 811 3544 trepidique
834 3458 930 3524 artus
951 3458 988 3524 et
1010 3460 1131 3543 pectus
1151 3456 1330 3538 anhelum,

328 3583 579 3668 Aeternumque
602 3584 739 3650 Patrem
762 3581 910 3649 lacrimis
932 3585 1052 3650 exorat
1073 3583 1207 3652 obortis.

324 3707 538 3784 Quinetiam
560 3709 632 3776 toto
653 3707 824 3794 proiectus
847 3725 986 3792 corpore
1009 3709 1121 3776 terrae

217 3835 280 3900 195
325 3835 496 3919 Langnet,
519 3833 716 3919 sanguineis
736 3837 772 3901 et
794 3835 887 3901 rorat
908 3835 1065 3919 gramina
1086 3835 1202 3920 guttis.

325 3959 480 4028 Volvitur
502 3961 584 4028 ante
606 3959 719 4028 oculos
741 3960 931 4028 tristissima
952 3961 1070 4029 mortis
1092 3962 1226 4046 imago:

325 4085 546 4172 Opprobrium
569 4086 694 4169 crucis,
718 4085 868 4153 effrenae
891 4085 1044 4154 convicia
1067 4085 1173 4172 plebis
1180 4104 1190 4169 ;

325 4210 410 4305 piru
431 4213 523 4279 serta
544 4210 652 4294 rubis,
676 4213 778 4297 atque
801 4193 1014 4297 ingeminata
1034 4210 1177 4298 ragerns

327 4337 495 4404 Vulnera:
519 4337 669 4405 latrones
690 4337 854 4420 subeunt,
878 4339 913 4402 et
935 4336 1057 4422 pocula
1080 4335 1183 4418 sellis,

215 4464 282 4530 200
327 4462 456 4549 Quique
479 4463 560 4548 suga
581 4464 710 4549 liquere
732 4466 876 4547 Ducem,
902 4465 937 4531 et
958 4461 1107 4549 periuria
1128 4461 1239 4546 Petri,

327 4591 369 4656 Et
389 4589 496 4657 tantis
516 4589 648 4673 agitata
670 4594 799 4660 Parens
821 4589 1044 4658 moestissima
1065 4586 1163 4656 curis.

1373 553 1416 619 63
