3576 5376
670 713 903 804 nuncin
938 710 1023 793 IV.

640 932 813 1000 VIRGO
854 932 1038 998 MATER

347 1649 463 1734 Surgit
484 1653 522 1717 ut
543 1668 566 1717 a
587 1649 702 1737 lapsu,
726 1653 886 1719 truncum
909 1649 1106 1737 complexus
1128 1652 1221 1718 lesus

435 1774 590 1844 Festinat
611 1778 777 1846 mamam
800 1794 915 1844 rursus
937 1775 1025 1843 inire
1048 1775 1150 1843 viam.

350 1899 558 1986 Absumptae
580 1901 673 1970 vires
693 1920 799 1988 aegro
827 1918 1029 1989 gressusque
1052 1899 1230 1969 labantes:

438 2025 696 2110 Magnanimum
717 2029 838 2114 pactus
858 2026 918 2095 sed
940 2028 1058 2095 tamen
1081 2026 1183 2110 urget
1213 2041 1318 2091 amur.

285 2150 308 2213 5
351 2151 397 2216 nt
418 2151 535 2236 procul
556 2168 761 2221 aerumnosa
781 2156 911 2221 Parcus
932 2153 1053 2220 exorat
1074 2151 1111 2218 in
1133 2149 1239 2232 aede}

439 2278 572 2346 luserat
594 2281 633 2346 ut
655 2295 803 2364 magnus
821 2279 958 2365 vimque
979 2278 1179 2363 animosque
1202 2276 1298 2343 Deus.

354 2400 486 2470 Anxius
507 2403 674 2472 adventat
696 2393 864 2489 Ioannes,
887 2405 914 2472 O
936 2407 1050 2488 Bona,
1075 2403 1182 2486 intur,

442 2529 514 2596 Iam
537 2529 682 2597 moritur
703 2532 813 2614 lesus,
837 2549 858 2599 c
880 2533 992 2612 Boua,
1023 2545 1142 2613 rumpe
1166 2543 1285 2593 moras.

356 2651 500 2720 Advolat
522 2652 602 2736 illa,
633 2654 685 2723 sui
708 2657 844 2741 quaerit
865 2655 1012 2740 uestigia
1033 2653 1156 2734 Gnati,

272 2777 311 2840 10
443 2779 533 2848 Dant
555 2779 613 2848 ubi
636 2779 778 2851 feralem
800 2780 941 2849 classica
963 2778 1060 2866 pulsa
1082 2796 1212 2848 senum.

359 2903 498 2971 Decolor
521 2923 559 2973 os
581 2908 766 2992 pactusque
789 2906 920 2974 micans
941 2907 977 2972 et
999 2903 1129 2972 lumina
1151 2900 1247 2970 vultu

445 3029 601 3115 Deiecta,
627 3032 665 3098 et
685 3029 784 3099 venis
805 3029 911 3098 anxia
932 3029 1057 3096 vulnus
1077 3028 1150 3096 alit.

359 3153 461 3222 Fidus
481 3157 629 3222 loannes
650 3154 698 3220 illi
721 3171 852 3238 comas,
882 3154 1013 3222 innuba
1035 3150 1187 3232 Martha,

448 3278 683 3348 lnsolabilibus
703 3279 864 3366 Magdala
885 3277 972 3347 tiens
992 3278 1150 3347 lacrimis

277 3403 318 3468 15
361 3403 542 3486 Quorum,
565 3403 657 3472 alna
679 3406 823 3486 Parcus,
847 3404 1048 3472 moriturum
1072 3419 1215 3471 cernere
1238 3397 1375 3468 Iesnmt

449 3527 550 3596 Anne
574 3531 673 3614 putas
695 3528 780 3615 proli
803 3531 838 3597 te
860 3545 1038 3614 superesse
1061 3525 1167 3595 tuaei

364 3651 492 3720 Obtutu
513 3651 628 3722 miseri
650 3653 763 3738 potius
784 3655 820 3722 ta
842 3651 1004 3721 subtrahe
1036 3651 1156 3732 limati,

452 3775 636 3861 Subtrahc‚
659 3793 741 3845 nam
763 3778 845 3863 quid
866 3777 939 3864 opis
961 3778 1014 3860 tu,
1037 3777 1149 3856 Bona,
1173 3772 1262 3840 serre
1283 3770 1400 3858 potest

365 3902 455 3970 Num
476 3903 579 3972 solari
601 3903 756 3989 inopem,
780 3921 864 3972 num
886 3903 981 3972 lenia
1003 3903 1117 3970 dicere
1140 3898 1270 3968 vernat

279 4027 322 4093 20
454 4028 616 4096 Immanis
638 4045 739 4097 voces
759 4031 897 4115 rumpet
918 4028 955 4096 in
978 4046 1038 4097 cre
1061 4025 1165 4095 dolor.

368 4151 516 4220 Cernere
539 4170 622 4220 num
644 4153 801 4239 implexis
823 4154 950 4241 poteris
971 4171 1034 4222 sua
1054 4153 1211 4237 tempora
1231 4149 1337 4234 spinis

458 4275 633 4362 Perfossa,
662 4280 700 4349 et
720 4279 866 4365 genibus
886 4296 989 4366 saepe
1011 4277 1129 4345 labare
1150 4275 1249 4362 gravi

369 4401 456 4469 Mola
480 4401 696 4471 fatiscentem
718 4403 833 4486 cedri,
858 4403 1057 4489 vultumque
1080 4403 1271 4469 tumentem

457 4525 686 4613 Avulsamque
710 4546 843 4597 cumam
868 4528 1142 4614 sanguineasque
1165 4524 1297 4611 genesi

1338 4667 1367 4713 m
