3472 5360
300 527 361 593 138
782 541 1019 592 nnurnnnrnos

404 671 565 754 Osalve,
589 671 772 756 inclamat,
796 671 912 738 divum
935 673 972 738 tu
995 670 1143 738 maxime
1166 669 1255 736 Bele.

403 801 711 884 SubridetDanie13
735 819 916 888 sparsoque
939 803 976 870 in
999 803 1138 888 pulvere
1161 799 1234 884 regi

292 930 357 996 200
401 929 463 996 llic
485 926 554 996 illic
577 928 739 1014 impressa
761 929 885 1015 pedum
907 929 1052 1012 vestigia
1075 929 1251 996 monstrat

403 1057 487 1122 Tum
510 1053 670 1124 frendens
692 1055 765 1122 visu
787 1057 890 1141 atque
913 1055 1045 1140 ingenti
1069 1053 1221 1121 concitus
1243 1053 1310 1132 ira,

403 1179 546 1249 Mactari
568 1179 662 1247 iubet
683 1179 805 1248 infidos
828 1199 889 1248 rex
911 1181 1019 1248 morte
1052 1178 1232 1246 ministros

403 1305 474 1373 Nec
495 1306 597 1373 satis:
625 1305 677 1374 ira
699 1305 791 1374 iaces
813 1305 1013 1393 infensaque
1037 1305 1107 1374 tela
1129 1301 1321 1381 ministrat;

401 1431 548 1499 liversae
570 1431 680 1514 sedes,
703 1449 845 1502 eversae
867 1435 902 1500 et
925 1433 1076 1500 numinis
1097 1447 1188 1498 arae.

292 1556 357 1624 205
490 1556 600 1624 Altius
621 1557 674 1625 his
695 1558 801 1643 gestis
822 1557 971 1626 Danielis
993 1557 1036 1624 ad
1058 1556 1200 1625 aethera
1221 1555 1329 1622 virtus

404 1680 561 1764 Tollitur,
585 1683 621 1748 et
644 1699 769 1768 magno
793 1682 904 1750 Persis
925 1684 1071 1768 augetur
1093 1680 1240 1749 honore:

401 1806 528 1874 crescit
550 1825 648 1875 amor
669 1808 768 1894 cyri,
791 1808 1007 1895 sobolemque
1030 1809 1147 1875 tuctur
1169 1803 1277 1874 Iacob.

402 1931 491 2016 Ergo
513 1930 606 1998 illum
629 1932 748 2000 Daniel
771 1932 869 2000 dictis
892 1931 1073 2018 compellat
1095 1929 1233 1998 amicis:

403 2059 477 2127 Rex
500 2059 605 2140 bone,
628 2059 723 2145 queis
745 2058 897 2127 cumules
921 2057 1059 2127 Abrami
1080 2056 1248 2142 sanguine
1270 2057 1385 2134 natos,

293 2183 358 2249 210
403 2183 495 2260 Quae
519 2183 580 2251 tibi
603 2203 664 2271 pro
686 2185 792 2252 tantis
813 2184 982 2252 reseratur
1004 2183 1118 2267 gratia
1140 2179 1258 2250 doniel

401 2309 547 2394 Accipe:
571 2309 696 2378 abhinc
717 2309 820 2376 annis
842 2311 910 2376 iam
933 2326 1030 2377 mens
1051 2307 1168 2376 divina
1190 2305 1345 2373 ducentis

402 2433 509 2502 Isaiae
532 2437 594 2502 tua
614 2437 713 2519 gesta
733 2434 849 2502 canit:
874 2438 909 2502 te
933 2435 1072 2502 nomine
1094 2435 1192 2501 vates

403 2559 612 2646 Compellat:
643 2559 684 2628 de
708 2563 742 2628 te
766 2560 854 2646 quod
875 2559 1010 2646 scripsit
1032 2559 1170 2646 perlege
1193 2573 1343 2624 carmen.

403 2685 447 2751 Ut
469 2685 583 2770 pastor
604 2667 751 2770 pecudes
772 2685 910 2772 propria
932 2685 1144 2771 intersepta
1165 2681 1316 2764 reducit,

293 2807 359 2876 215
402 2809 495 2886 Quae
517 2809 642 2896 passim
663 2809 757 2877 silvis
778 2813 898 2878 errant
920 2813 957 2878 et
979 2809 1151 2878 montibus
1179 2807 1279 2889 altis;

403 2935 456 3004 Sic
478 2937 533 3016 tu,
556 2935 659 3019 cyre,
683 2953 809 3020 vagum
832 2934 950 3003 Iudam
974 2939 1185 3020 externoque
1205 2933 1386 3018 gravatum

401 3059 544 3128 servitio
566 3062 602 3128 et
626 3060 744 3146 patriis
767 3063 940 3129 extorrem
962 3060 1085 3128 finibus
1107 3076 1177 3127 una

401 3180 560 3262 attolas,
585 3184 786 3268 veteresque
810 3182 927 3250 domos
948 3182 1149 3267 desertaque
1172 3179 1292 3247 reddes

402 3307 523 3389 Tecta,
555 3323 734 3392 meumque
758 3323 847 3374 novo
869 3305 994 3374 condes
1017 3305 1190 3374 molimine
1213 3304 1386 3391 templum.

293 3430 358 3496 220
403 3431 449 3498 'le
471 3447 549 3498 mea
571 3428 693 3499 dextra
715 3434 830 3515 reget,
854 3431 956 3517 Cyre,
980 3433 1083 3517 atque
1106 3431 1141 3497 in
1165 3429 1293 3517 praelia
1308 3430 1429 3496 ducet:

403 3553 548 3639 Auspice
572 3572 645 3636 me,
672 3555 821 3642 trepidos
845 3575 943 3641 reges
965 3555 1171 3642 populosque
1194 3554 1323 3623 videbis

402 3680 545 3747 Vertere
567 3682 668 3764 terga
689 3680 814 3766 lugee;
838 3679 1020 3748 confractis
1042 3680 1191 3766 postibus
1212 3681 1312 3748 urbes

402 3800 619 3886 Pandentur,
645 3803 791 3888 gemmis
813 3804 922 3873 vietor
945 3803 1084 3889 potieris
1105 3806 1140 3870 et
1163 3821 1254 3871 auro.

402 3925 478 3993 Non
501 3944 556 3995 me
579 3929 616 3993 tu
639 3927 746 4010 nosti,
781 3931 817 3996 et
839 3927 973 4022 proprio
995 3931 1031 3994 te
1055 3927 1192 3996 nomine
1214 3929 1386 3994 monstro:

293 4049 358 4116 225
403 4049 521 4118 Dilecti
545 4069 624 4117 narn
649 4051 756 4120 dulcis
778 4071 874 4120 emor
897 4070 951 4118 me
975 4051 1088 4136 tangit
1110 4051 1218 4119 Iacob.

403 4174 497 4241 Unus
519 4193 584 4260 ego
606 4175 784 4258 nominoe,
808 4177 896 4243 Deus
917 4193 1022 4256 unus,
1046 4173 1187 4242 fortibus
1209 4175 1313 4242 armis

403 4300 449 4365 Te
472 4299 586 4366 cinxi:
608 4303 731 4384 gentes
753 4301 800 4368 sic
823 4318 947 4382 unum,
969 4298 1047 4367 solis
1068 4301 1112 4366 ab
1135 4301 1211 4367 ortu

401 4423 485 4490 Solis
507 4421 550 4488 ad
573 4440 747 4507 occasum,
771 4425 961 4510 agnoscent
981 4423 1225 4510 dominumque
1249 4423 1429 4510 Deumque.

490 4546 632 4614 Miratur
655 4546 754 4616 dictis
776 4552 812 4617 et
833 4551 905 4616 toto
931 4549 1065 4633 pectore
1087 4549 1191 4632 gestit
