3560 5368
802 777 1032 862 nundin
1072 781 1091 862 Ι

587 1071 643 1136 DE
664 1071 799 1139 mnam
820 1071 1040 1139 PvnRPnna
1060 1071 1312 1140 PERLITANTI

866 1377 1034 1384 ...—

453 2173 539 2250 Quid
561 2173 687 2242 Natum
711 2171 859 2252 teneris,
885 2171 1010 2256 Virgo,
1033 2171 1270 2257 complecteris
1291 2171 1401 2251 ulnis,

541 2297 746 2382 Templaque
770 2314 847 2363 cum
870 2298 1024 2383 precibus
1047 2297 1308 2382 muneribusque
1331 2295 1443 2382 pense

455 2425 601 2491 Matrum
625 2439 718 2490 more
740 2439 854 2489 sacras
875 2422 1037 2508 numquid
1059 2423 1214 2508 purgaris
1227 2421 1272 2490 ad
1293 2422 1393 2490 aras?

540 2547 585 2613 at
608 2548 646 2614 tu
669 2547 743 2632 post
766 2547 899 2632 partum
922 2545 1097 2614 candidior
1119 2548 1287 2630 Puerum,

382 2674 404 2739 5
448 2671 649 2758 Virgineam
671 2671 749 2758 qui,
773 2670 878 2740 flante
901 2673 989 2750 Deo,
1014 2673 1066 2740 est
1086 2671 1225 2758 illapsus
1246 2671 1282 2737 in
1306 2670 1438 2754 alvum,

539 2796 626 2864 Alvo
648 2799 685 2864 et
707 2795 864 2882 virginea
886 2795 1012 2881 prodiit
1033 2796 1105 2882 ipse
1128 2797 1236 2864 Deua:

453 2923 497 2990 Ut
520 2941 641 3009 purum
664 2921 778 2990 illimis
799 2921 936 2990 deducit
957 2921 1087 2990 rivulus
1107 2939 1263 3004 amnem,

541 3045 677 3113 Transit
699 3047 736 3112 ut
760 3045 890 3113 intacto
912 3044 998 3112 lucis
1019 3045 1134 3131 imago
1156 3043 1255 3112 vitm.

254 3199 257 3206 ⁴
367 3169 408 3234 10
452 3170 545 3237 Haec
567 3167 732 3254 numquid
755 3169 880 3247 Moses,
905 3167 1030 3253 Virgo,
1053 3166 1115 3234 tibi
1139 3166 1214 3234 iura
1238 3165 1401 3250 dedisset,

538 3291 656 3377 Aliger
677 3290 813 3359 ardenti
834 3309 913 3359 cum
935 3293 1052 3359 rueret
1073 3289 1203 3376 gladio,

453 3415 543 3484 Proh
565 3415 680 3485 dolor!
705 3418 742 3484 et
765 3415 890 3501 primos
912 3419 997 3484 natu
1019 3433 1090 3484 una
1112 3418 1214 3484 nocte
1237 3417 1431 3501 peremptos

540 3542 581 3607 ln
603 3540 706 3610 terris
726 3538 824 3609 fleret
846 3557 1000 3627 quaeque
1023 3541 1142 3608 domus
1163 3539 1315 3627 phariist

453 3665 576 3732 Nonne
597 3664 688 3732 subit
710 3665 797 3733 fidus
817 3665 954 3734 Gabriel
978 3665 1066 3752 quod
1088 3665 1223 3735 dixerat
1244 3665 1345 3749 olim,

542 3789 653 3857 Unam
675 3789 766 3858 inter
788 3794 916 3858 matres
938 3792 973 3858 to
994 3791 1068 3859 aine
1091 3789 1168 3860 labe
1191 3791 1289 3861 foret

366 3917 408 3982 15
451 3915 614 3984 Omnibus
635 3933 737 3984 eccur
759 3918 794 3984 te
818 3917 1025 3985 maculatam
1048 3895 1137 3988 velle
1161 3916 1293 3985 viderit

541 4041 629 4108 Num
651 4042 707 4124 te,
731 4058 815 4107 num
836 4043 978 4108 sanctam
1001 4039 1139 4109 vincula
1160 4039 1247 4125 legia
1268 4040 1401 4126 aguntt

452 4162 601 4247 ludaeis,
625 4162 731 4232 oblita
753 4163 821 4246 tui,
846 4164 880 4231 te
904 4161 1068 4230 matribus
1090 4162 1213 4243 infers,

539 4287 649 4363 Quum
672 4287 733 4354 tibi
755 4288 800 4354 ait
821 4287 940 4355 tantus
963 4286 1173 4372 virginitatis
1193 4288 1326 4355 honosi

452 4411 505 4479 Sic
527 4411 645 4480 fabar:
670 4412 789 4499 templi
811 4412 918 4480 limen
940 4411 1077 4498 iamque
1099 4413 1158 4482 illa
1181 4414 1379 4499 premebat,

363 4539 408 4604 20
539 4539 581 4604 nt
604 4537 754 4623 Sponsae
777 4536 897 4622 Ioseph
920 4535 947 4603 it
970 4554 1083 4606 comcs
1105 4539 1177 4624 ipsc
1199 4557 1291 4608 auae.
