3564 5376
327 511 370 578 72
799 525 1061 576 nrcrrrunnrnos

320 685 323 690 ,
435 655 720 742 ingeminantque
743 653 875 736 modos;
898 657 1001 740 atque
1023 655 1096 740 ipsa
1117 654 1241 722 altaria
1262 654 1388 723 circum

436 779 614 848 Tolluntur
635 779 753 848 crebro
775 779 921 848 nebulae
944 777 1126 847 redolentis
1148 795 1305 846 acerrae:

326 907 390 972 460
432 905 573 990 Saepius
594 905 680 972 haec
703 904 795 971 inter
816 905 922 972 iustus
945 906 1154 972 memoratur
1177 904 1285 972 Iacob.

435 1031 733 1117 Quandoquidem,
756 1032 844 1097 nutu
865 1030 972 1116 patris
1002 1048 1105 1117 quum
1128 1033 1289 1116 pergeret
1311 1033 1447 1112 lieren,

438 1155 531 1222 Sistit
553 1155 635 1238 iter,
658 1153 802 1222 cedente
825 1154 897 1238 die,
920 1153 999 1222 dein
1022 1148 1177 1238 gramine
1199 1156 1325 1222 stratus

436 1279 601 1364 Supponit
621 1276 769 1364 lapidem
791 1278 894 1364 capiti
916 1277 1135 1364 indulgetque
1158 1279 1279 1365 quieti:

436 1407 529 1472 Tunc
551 1402 607 1472 olli
631 1403 757 1486 visum,
779 1402 878 1470 scalis
899 1405 1093 1488 terramque
1117 1402 1298 1489 polumque

326 1531 391 1597 465
434 1529 577 1598 Arcadis
598 1528 694 1612 iungi
716 1529 819 1614 atque
840 1527 940 1594 aulae
962 1525 1133 1594 stellantis
1153 1527 1309 1596 alumnos

434 1659 487 1725 Ire
511 1655 620 1723 redire
642 1655 784 1738 gradus,
807 1671 1004 1741 summeque
1028 1654 1205 1723 cacumine
1227 1657 1375 1724 stantem

434 1779 704 1865 Abramidaeque
728 1780 834 1846 Deum
855 1778 1079 1864 spondentem
1100 1781 1246 1865 grandia
1265 1781 1379 1868 genti;

434 1904 599 1990 Evigilat,
622 1902 778 1970 miranda
800 1903 923 1970 animis
945 1903 1031 1970 haec
1052 1883 1184 1990 sumnia
1207 1904 1329 1990 volvit,

432 2031 540 2116 Erigit
562 2029 598 2095 in
621 2028 758 2096 titulum
781 2027 929 2114 lapidem
951 2029 1160 2115 Dominoque
1183 2031 1348 2114 dicatum,

324 2159 388 2222 470
433 2157 522 2223 Vota
544 2169 731 2240 precesque
753 2153 873 2234 revet,
896 2152 1082 2240 pinguique
1104 2154 1248 2223 offundit
1269 2158 1368 2226 oliva

521 2281 609 2363 Ergo
631 2296 728 2348 sacer
749 2280 858 2346 totum
879 2278 1037 2364 princeps
1065 2277 1174 2348 altare
1197 2285 1356 2370 perungit

435 2407 583 2490 Desuper
604 2403 737 2470 iniectis
758 2401 859 2486 oleis,
880 2419 920 2470 ac
944 2401 1066 2472 deinde
1088 2410 1267 2475 coruscant

434 2531 588 2616 Quinque
612 2529 703 2598 laces
724 2529 841 2613 manis
862 2529 964 2612 turis,
987 2547 1134 2618 ceraque
1157 2531 1326 2619 liquente:

434 2656 584 2724 Plurima
605 2671 732 2742 perque
754 2671 855 2722 auras
876 2651 1047 2740 crepitans
1069 2657 1097 2723 it
1120 2658 1254 2744 virgula
1276 2661 1375 2730 lurni:

324 2785 389 2850 475
432 2783 500 2849 Ara
523 2781 652 2848 etenim
675 2779 844 2847 Christum
866 2779 1019 2863 simulat,
1043 2781 1100 2868 qui
1123 2784 1238 2869 stipite
1260 2767 1333 2854 diro

433 2891 580 2994 Figitur,
604 2905 782 2974 infandum
804 2905 929 2974 scelus!
953 2911 989 2974 et
1010 2910 1190 2976 manantia
1211 2911 1281 2979 late

435 3033 586 3102 Vulnera
607 3031 760 3098 divinum
782 3031 993 3116 perlirndunt
1015 3033 1119 3119 quina
1142 3053 1314 3119 cruorem;

433 3158 570 3227 Auratis
591 3157 759 3243 insculpta
780 3156 895 3224 Crucis
917 3155 1073 3226 duodena
1096 3159 1260 3229 columnis

433 3282 606 3353 Pontificis
628 3282 756 3369 pariter
778 3281 959 3366 tinguntur
980 3282 1102 3368 pollice
1125 3285 1232 3371 signa

323 3413 387 3478 480
431 3411 474 3477 Er
495 3411 608 3478 vestes
629 3426 712 3477 auro
735 3406 881 3493 rigidae,
905 3408 1097 3492 gestamina
1119 3414 1254 3496 mystis,

432 3537 666 3620 lucentesque
690 3532 796 3616 laces,
819 3532 934 3617 lychni
966 3535 1187 3623 mantiliaque
1200 3539 1289 3608 alba

434 3661 636 3729 Lrustrantur
658 3659 813 3745 precibus
833 3661 1040 3745 sanctaeque
1062 3662 1243 3748 aspergine
1266 3663 1435 3753 lymphae.

436 3785 478 3851 ut
499 3781 598 3850 simul
621 3782 754 3850 interea
775 3779 875 3848 laetis
896 3782 1116 3852 concentibus
1137 3803 1255 3855 omnes

432 3905 667 3980 Christicolum
688 3905 877 3991 Christique
901 3906 1016 3974 lerunt
1037 3925 1098 3993 per
1118 3911 1230 3978 saecla
1253 3915 1447 4001 triumphos.

325 4043 389 4109 485
432 4035 554 4106 lessaei
575 4033 622 4100 sic
645 4031 714 4100 iam
737 4030 862 4098 cecinit
884 4049 981 4098 mens
1002 4021 1143 4118 pmvida
1165 4037 1262 4105 ratis.

504 4145 668 4241 'Exurgat
690 4156 792 4222 Deus:
817 4154 951 4238 ingenti
974 4154 1153 4224 formidine
1175 4161 1258 4226 tacti

433 4284 564 4352 Diversi
582 4281 717 4368 fugiant
738 4280 867 4362 hostes3
892 4283 979 4349 Deus
1000 4298 1103 4350 exere
1126 4283 1255 4366 vultus,

432 4411 578 4496 Agmina
599 4407 759 4476 deficient
781 4407 864 4475 odiis
884 4409 1028 4476 adversa
1050 4409 1223 4492 nefandis,

431 4537 505 4622 igni
528 4539 567 4604 ut
589 4553 669 4605 cera
690 4535 780 4616 duit,
805 4537 925 4602 tenues
947 4535 985 4601 ut
1009 4533 1119 4604 sumus
1140 4536 1177 4602 iu
1200 4555 1308 4606 auras.
