3576 5376
792 584 906 634 veen
1388 567 1454 634 377

448 709 490 775 nt
511 706 583 775 lina
605 710 708 794 atque
730 707 875 776 humiles
896 707 1014 775 eduxit
1037 708 1080 774 ad
1102 709 1196 775 astra
1218 707 1389 792 phaselos;

446 832 581 900 Scilicet
602 833 638 898 in
660 832 753 902 silvis
774 851 819 901 ne
842 835 978 900 tantum
1001 851 1099 901 musa
1119 832 1270 901 Maronis

446 961 556 1045 Usque
579 957 684 1042 soret,
707 959 814 1027 dulcis
835 959 1026 1045 piscantum
1047 958 1153 1027 oblita
1167 958 1299 1027 laboris.

447 1079 534 1148 Nam
556 1097 689 1168 quoque
712 1080 835 1166 dignus
856 1083 932 1149 erat
953 1081 1059 1148 cantu
1082 1081 1245 1166 regnator
1267 1098 1432 1167 aquarum

445 1207 488 1272 nt
510 1203 626 1272 Thetis
647 1206 684 1272 et
705 1204 867 1273 Glaucus:
891 1222 962 1273 non
984 1222 1103 1272 omnes
1125 1203 1250 1291 frigida
1272 1208 1396 1292 Tempe

443 1331 485 1397 Et
507 1328 654 1415 pecudes
675 1329 834 1416 laetoque
857 1329 978 1397 iuvant
1000 1329 1037 1396 in
1061 1329 1216 1414 margine
1235 1328 1343 1396 dores.

447 1454 562 1523 Litora
584 1459 701 1523 noster
723 1473 829 1541 amor,
853 1455 953 1524 terris
973 1455 1052 1522 dum
1077 1454 1163 1522 vixit
1184 1454 1371 1539 Amyntas:

446 1581 508 1648 Ast
528 1580 585 1648 uhi
608 1580 758 1649 deseruit
781 1583 912 1664 terras,
935 1598 1005 1648 non
1028 1581 1141 1664 unda,
1164 1599 1230 1648 nec
1251 1581 1324 1666 ipsa

445 1703 605 1773 Assiduos
626 1706 767 1791 possunt
788 1705 890 1773 solari
914 1705 1015 1774 litora
1036 1704 1144 1772 fletus

336 1835 419 1921 Lyc.
443 1830 504 1899 ills
527 1835 642 1900 autem
665 1830 779 1917 superi
800 1831 871 1900 iam
894 1831 976 1900 felix
998 1831 1110 1900 incola
1132 1831 1232 1917 regni

245 1956 289 2022 65
443 1955 614 2025 candidus
635 1975 715 2026 ecce
738 1957 820 2024 terit
842 1955 1005 2041 fulgentis
1034 1956 1139 2025 limen
1161 1955 1306 2042 olympi,

443 2082 571 2168 Aspicit
592 2085 628 2150 et
649 2083 760 2149 terras
781 2080 926 2149 humiles
946 2085 1155 2169 pontumque
1177 2081 1367 2166 iacentem,

443 2203 510 2271 Sub
528 2202 734 2289 pedibusque
748 2203 874 2289 premit
887 2203 1005 2272 lunam
1018 2202 1191 2290 solemque
1205 2203 1451 2289 propinquum,

443 2331 645 2397 Praesentes
666 2327 822 2412 geminos
843 2330 880 2396 et
901 2327 1052 2414 pleiadas
1072 2328 1258 2409 nimbosas;

441 2453 530 2529 Quin
554 2451 647 2520 videt
669 2453 708 2519 ut
729 2469 892 2538 praeceps
913 2451 1027 2538 aquilo
1050 2451 1252 2538 pluvialibus
1274 2449 1373 2518 undis

442 2577 595 2660 Saeviet,
620 2577 658 2644 ut
680 2575 817 2644 tumidis
838 2575 1014 2645 luctentur
1034 2576 1190 2645 ductibus
1211 2577 1327 2644 austri.

439 2702 466 2766 Ο
487 2699 593 2784 adsis,
617 2699 746 2783 divine3
769 2718 891 2768 recens
914 2704 953 2767 tu
976 2718 1106 2768 numen
1121 2719 1289 2787 aquarum

441 2825 581 2913 Semper
602 2827 685 2909 eris,
708 2843 907 2912 semperque
930 2844 1008 2894 aras
1029 2827 1072 2894 de
1094 2845 1188 2895 more
1210 2827 1393 2913 quotannis
1444 2855 1447 2860 ·

348 2971 350 2978 ’
442 2952 613 3018 Ponemus
634 2951 825 3038 vitulosque
859 2949 927 3018 tuis
950 2951 1173 3019 mactabimus
1193 2952 1271 3020 aris.

442 3075 504 3141 Hic
526 3073 642 3142 Melite
665 3073 836 3162 flavosque
860 3074 976 3142 Thetis
998 3074 1146 3143 resoluta
1160 3075 1299 3161 capillos

441 3201 483 3266 nt
504 3199 629 3283 Drymo
650 3202 755 3284 atque
777 3199 863 3267 alias
885 3199 1027 3268 vincens
1049 3201 1218 3268 Arethusa
1239 3218 1371 3269 sorores

443 3324 699 3410 Cymodoceque
722 3325 865 3411 Spioque
888 3327 925 3394 et
946 3324 1091 3394 candida
1112 3326 1259 3413 Deiopea

439 3448 489 3515 Ad
513 3448 679 3516 tumulum
704 3449 845 3517 nectam
866 3450 1008 3536 pallenti
1030 3450 1112 3518 tiore
1135 3451 1286 3520 corollas.

439 3576 578 3643 Interea
598 3591 717 3642 nassas
737 3576 774 3643 et
796 3575 962 3644 vimineos
984 3575 1196 3660 labyrinthos

440 3697 616 3783 Linquite,
640 3697 827 3784 piscantes,
851 3699 1036 3786 niveosque
1058 3685 1179 3768 afferte
1202 3700 1334 3786 lapillos

243 3821 287 3888 80
439 3821 483 3888 Et
504 3822 668 3889 conchas:
691 3822 851 3890 meritum
872 3822 971 3891 donis
992 3829 1133 3893 onerate
1155 3824 1347 3911 sepulcmm

441 3944 644 4031 Aequoreis:
667 3945 743 4012 fieri
764 3945 827 4013 sihi
850 3947 935 4014 talia
955 3947 1097 4015 mandat
1119 3949 1295 4032 Amyntas.

333 4069 402 4137 Cel.
434 4068 544 4136 Ambo
564 4085 668 4154 quam
690 4067 805 4137 dulces
826 4069 1000 4139 effunditis
1022 4089 1081 4138 ore
1102 4071 1280 4156 querelas!

439 4195 510 4263 Nec
532 4195 614 4262 mihi
637 4196 708 4263 tem
731 4196 866 4282 placeat
887 4197 1048 4283 spirantis
1069 4197 1185 4264 sibilus
1206 4214 1331 4279 aurae,

436 4319 510 4396 Qua
531 4320 668 4386 tremuli
691 4337 822 4388 summo
844 4322 1035 4407 crispantur
1057 4322 1092 4388 in
1117 4339 1263 4407 aequore
1287 4322 1425 4407 fluctus,

241 4443 284 4508 85
438 4443 509 4510 Nec
531 4443 629 4526 cycni
653 4443 826 4529 plorantes
848 4445 1013 4512 flebilibus
1036 4445 1212 4513 lamentis:

437 4567 593 4652 Pergite3
616 4586 686 4636 non
709 4569 820 4638 omnis
842 4569 1143 4640 sorsan‘morietur
1165 4569 1344 4655 Amyntas.

1161 4727 1198 4764 tlt.
1215 4727 1344 4766 mcccxxltl
