3472 5360
338 477 398 546 494
839 493 1034 546 resumes

330 617 396 683 330
442 617 611 684 iterantes
632 615 715 684 lietu
739 615 882 698 taciem,
905 633 968 684 ceu
991 615 1151 701 gramina
1173 619 1298 704 sparsis

442 740 518 810 Sole
541 741 736 809 renascenti
758 740 929 808 collucent
952 740 1083 809 roscida
1104 743 1233 826 guttis,

441 864 694 951 ,implexasque
717 881 808 949 genu
833 864 1033 932 moriturum
1056 863 1180 934 talibus
1201 870 1322 934 orant:

428 992 563 1069 Petra,
589 1006 650 1075 per
674 989 735 1056 has
756 987 934 1070 lacrimas,
958 1007 1019 1075 per
1041 989 1150 1076 siquid
1175 990 1313 1060 foedera
1336 999 1476 1080 possunt

441 1112 603 1201 Hospitii,
628 1131 672 1180 ne
696 1113 761 1180 lide
785 1113 905 1196 nimis,
929 1116 1033 1182 Pater
1055 1115 1183 1201 optime
1195 1133 1205 1198 3
1227 1119 1382 1185 nostmm

332 1243 398 1308 335
441 1241 530 1309 Heu!
555 1237 738 1321 miserere,
762 1241 857 1307 tuam
880 1256 924 1308 ne
946 1239 995 1308 sic
1018 1258 1062 1308 ne
1085 1239 1203 1310 desere
1226 1241 1382 1329 plobom;

441 1366 550 1450 Carpe
573 1363 690 1449 sugam
712 1337 861 1449 prudens
882 1366 985 1450 teque
1008 1365 1152 1432 instanti
1175 1365 1269 1453 eripe
1295 1367 1374 1436 sato.

441 1490 494 1558 Sic
517 1490 574 1576 pia
597 1491 716 1572 turba3
739 1488 909 1575 pedesque
931 1489 1023 1558 senis
1045 1490 1224 1577 complexa
1247 1493 1411 1576 tenebat,

442 1617 573 1701 Terque
596 1617 784 1700 quaterque
806 1614 912 1682 sacris
933 1615 1062 1700 figebat
1084 1619 1120 1684 et
1142 1617 1257 1685 oscula
1279 1619 1415 1704 plantis.

444 1741 499 1809 Nil
521 1744 652 1824 motus,
676 1742 791 1810 senior
812 1739 911 1808 dictis
933 1741 1064 1810 solatur
1085 1742 1203 1810 amicis

332 1869 398 1934 340
443 1866 622 1934 Plorantee
644 1864 800 1950 ultroque
824 1865 975 1933 labantia
997 1868 1138 1952 pectora
1160 1865 1282 1935 firmat.

443 1995 529 2060 Ecce
551 1993 668 2058 autem
690 2007 848 2076 proceres
869 1991 1017 2058 subeunt
1037 1991 1219 2076 cletusque
1242 1993 1413 2078 linusque
1485 2061 1494 2072 ,

442 2117 606 2196 Orantes,
630 2113 675 2180 dii
699 2115 892 2183 memorant
914 2113 1074 2200 exempla
1095 2115 1270 2199 Magistri,

445 2237 509 2314 Qui
533 2236 703 2322 Solymam
726 2236 895 2322 etlugiens
917 2239 953 2304 et
974 2236 1083 2322 iniqui
1105 2236 1268 2323 principis
1289 2241 1383 2305 astus

444 2365 600 2450 Longum
621 2363 688 2430 iter
709 2380 900 2450 aggressus
923 2361 1051 2448 phariis
1072 2381 1109 2431 se
1132 2363 1282 2431 condidit
1302 2364 1390 2444 0444,

334 2493 400 2558 345
443 2491 486 2557 Et
508 2489 660 2572 monuit,
684 2489 784 2558 soleis
806 2506 946 2558 excusso
969 2488 1130 2574 pulvere,
1156 2491 1266 2558 terras

444 2617 605 2686 Deserere
630 2613 780 2682 infensas
803 2616 839 2681 et
860 2630 1027 2700 quaerere
1050 2613 1131 2682 litus
1152 2613 1309 2682 amicum.

443 2741 608 2811 Flectitur
631 2740 683 2808 his
705 2742 827 2809 Petrus
849 2739 989 2808 andem
1011 2739 1194 2828 sedemque
1218 2739 1390 2826 relinquit.

532 2869 722 2936 Nocturnas
745 2867 816 2935 ibat
839 2864 933 2933 nullo
956 2866 1142 2934 comitante
1166 2883 1229 2954 per
1251 2865 1404 2936 umbras:

445 2995 508 3064 Ast
528 2994 663 3063 animus
684 2993 829 3061 stimulis
853 2993 1041 3078 lugientem
1065 2993 1209 3078 urgebat
1231 2993 1376 3076 amaris,

334 3127 400 3191 350
444 3125 558 3208 Atque
579 3139 706 3207 anceps
728 3121 892 3188 haerebat
915 3117 1048 3202 adhuc,
1074 3119 1219 3204 vestigia
1241 3122 1333 3188 retro

443 3248 614 3316 Flecteret
635 3264 682 3314 an
703 3247 905 3332 sequeretur
927 3245 1010 3313 iter:
1034 3245 1227 3330 turritaque
1251 3247 1380 3314 Romae

444 3372 580 3441 Moenia
603 3371 807 3458 respiciens,
830 3370 913 3438 heu!
938 3387 1025 3457 quae
1047 3369 1191 3456 suspiria
1215 3371 1348 3438 moesto

444 3501 551 3568 Corde
574 3497 693 3567 dabat:
716 3497 764 3564 sic
787 3485 891 3565 cerva
913 3497 1017 3580 lugan
1040 3495 1186 3582 vestigia
1211 3498 1302 3565 sistit

444 3624 639 3708 Interdum,
665 3624 754 3692 setus
776 3623 909 3692 mordet
930 3641 1034 3710 quam
1056 3641 1140 3691 cura
1161 3623 1281 3692 relicti.

335 3757 401 3823 355
446 3756 487 3822 ut
510 3753 577 3820 iam
601 3751 757 3818 llcrcurii
782 3751 917 3836 lugiens
940 3751 1123 3820 traiecerat
1147 3752 1272 3818 undam

445 3875 620 3944 Gressibus
641 3874 801 3958 incertis,
825 3875 933 3942 linum
955 3874 1035 3961 quia
1058 3873 1178 3942 textile
1201 3873 1340 3958 stringit

445 4003 529 4070 Crus
551 3999 607 4068 ubi
629 3997 837 4082 sanguineas
857 3997 1038 4107 signarent
1062 3996 1199 4066 vincula
1220 3997 1356 4082 plagas:

446 4129 492 4195 llt
513 4127 582 4194 cito
603 4125 752 4194 sanescit
775 4124 867 4193 nullo
891 4123 1117 4193 medicamine
1141 4123 1264 4191 vulnus

444 4253 684 4338 Fasciolaeque
708 4251 851 4318 cadunt:
874 4249 974 4319 titulo
996 4249 1187 4318 sacrabitur
1208 4251 1333 4335 aedes,

334 4381 399 4448 360
444 4379 517 4455 Quo
538 4376 663 4445 dehinc
686 4393 790 4462 usque
812 4374 927 4443 colent
948 4373 1013 4442 seri
1038 4373 1249 4442 monimenta
1273 4377 1425 4462 nepotes

446 4505 508 4573 Hic
530 4504 682 4572 animum
706 4503 828 4582 sumit,
852 4503 996 4587 captans
1019 4499 1149 4569 felicius
1172 4519 1282 4569 omen.
