3564 5376
345 393 383 456 16
813 405 1074 456 urcalnunmos

448 532 630 617 Imperium
653 529 816 611 occiduis,
840 529 928 616 quod
951 530 1018 597 iam
1042 532 1215 598 Romanus
1238 532 1403 615 habehat,

448 653 617 722 Litoribus
638 652 777 734 cecidit;
804 652 952 720 subeunt
973 654 1009 720 et
1032 651 1177 722 barbara
1199 672 1325 739 regna,

449 779 490 846 st
512 776 642 844 Gothus
663 775 797 844 Italiam
818 774 962 862 premit:
985 779 1083 845 aetas
1104 777 1220 846 omnia
1242 777 1368 860 volvit,

449 901 514 969 Sed
534 903 694 987 graviora
717 905 880 970 manent:
904 901 1011 986 teum,
1034 902 1276 988 implacabilis,
1298 921 1380 972 acer

340 1028 405 1092 270
450 1025 565 1110 Surgit
586 1025 711 1108 Arabs,
741 1028 778 1092 et
799 1025 900 1111 signa
922 1028 1055 1108 movet,
1087 1026 1191 1108 bella,
1215 1026 1352 1094 horrida
1374 1027 1479 1109 bella,
1509 1088 1511 1092 .

449 1148 623 1235 Sanguine
644 1150 772 1217 tinctus
793 1149 889 1236 aquis
910 1148 973 1217 ibit
993 1151 1229 1237 spumantibus
1254 1153 1349 1220 lster.

446 1275 508 1342 Ast
530 1291 594 1358 ego
616 1273 843 1342 christiadum
866 1273 1036 1360 princeps,
1061 1273 1250 1363 fortemque
1273 1275 1480 1362 pbalangem

330 1405 336 1414 '
449 1397 603 1468 occiduis
624 1397 826 1464 instructam
848 1397 951 1465 armis
973 1397 1189 1485 validamque
1211 1400 1337 1468 carinis

451 1531 525 1613 Ipse
547 1526 685 1611 egomet
706 1521 849 1591 ducam:
877 1528 960 1610 quot
983 1523 1082 1593 foeda
1104 1526 1274 1595 cadavera
1296 1524 1416 1596 hictus

340 1656 406 1721 275
449 1650 535 1719 lonii
555 1649 698 1717 volvunt
719 1649 947 1744 clypeosque,¹
964 1648 1169 1736 inimicaque
1191 1650 1282 1734 tela,

429 1776 618 1843 effractae
641 1774 748 1857 vires,
771 1775 808 1842 et
831 1775 975 1842 barbara
995 1787 1079 1860 gana
1099 1793 1162 1861 per
1183 1775 1312 1843 undas!

449 1901 627 1969 Vincitur:
650 1905 688 1967 at
709 1898 832 1966 Christi
854 1915 873 1967 e
896 1917 1003 1984 grege
1026 1919 1086 1968 cur
1109 1918 1190 1968 nam
1211 1900 1377 1969 scinditur
1399 1919 1468 1970 uno

452 2027 550 2095 Plebs
571 2023 658 2094 eoai
684 2025 801 2110 lupum
824 2023 973 2108 indignis
994 2025 1083 2110 tegit
1104 2025 1213 2093 inhrla
1236 2009 1350 2110 cittis,

450 2151 557 2221 Corde
581 2154 706 2234 tumet,
737 2148 927 2236 Christique
951 2150 1047 2218 ferox
1069 2151 1230 2237 discerpit
1251 2153 1350 2220 ovile.

343 2281 408 2346 280
450 2277 538 2356 Quin
561 2281 599 2345 et
620 2276 656 2343 in
679 2278 860 2362 augustam
881 2275 991 2344 saevit
1012 2275 1107 2344 furor
1133 2277 1255 2363 impius
1276 2279 1418 2363 aedem,

453 2402 740 2487 Parthenidosque
763 2402 890 2488 Deique
913 2401 986 2488 igni
1009 2401 1156 2470 violatur
1185 2404 1309 2490 imago.

454 2529 517 2606 Qui
532 2527 628 2614 regit,
643 2527 840 2614 imperium,
863 2545 1023 2613 superum
1046 2528 1211 2598 mentitus
1232 2529 1417 2613 honorem,

454 2655 590 2724 Excidio
613 2654 707 2722 iavet
728 2652 886 2739 infando,
914 2655 1126 2741 mortemque
1149 2655 1308 2724 minatur.

452 2782 512 2850 Ille
535 2784 571 2850 et
593 2798 753 2848 romanae
777 2780 954 2849 contendit
975 2781 1051 2848 iura
1072 2781 1180 2850 tiarae

344 2911 411 2975 285
454 2907 610 2992 Eripere,
633 2908 670 2973 et
691 2907 828 2974 sanctas
849 2907 963 2974 audax
984 2909 1181 2976 subvertere
1205 2908 1319 2992 leges:

453 3032 616 3100 Obiicitur
639 3031 735 3098 firmo
756 3031 816 3100 sed
839 3033 958 3100 robore
982 3032 1126 3117 pectoris
1148 3034 1266 3116 heros,

247 3157 256 3200 ¹
453 3159 685 3246 propositique
709 3162 815 3225 tenax
837 3156 944 3225 solida
965 3159 1034 3224 stat
1057 3160 1189 3241 mente,
1214 3176 1277 3225 nec
1301 3159 1378 3226 ullis

452 3284 616 3353 Flectitur
636 3285 829 3365 aerumnis,
853 3286 971 3351 manet
986 3285 1022 3350 et
1044 3282 1243 3351 fortissimus
1264 3283 1354 3351 exul.

453 3409 563 3478 Gallia
584 3409 785 3476 Pontificem
808 3409 914 3495 rapit,
938 3411 974 3476 et
995 3409 1131 3477 deserta
1154 3411 1304 3476 Parente

345 3537 410 3602 290
455 3535 600 3603 Romula
621 3535 717 3620 plebs
737 3534 890 3620 squalet,
915 3534 1030 3602 vacuis
1047 3534 1142 3620 quasi
1165 3534 1341 3602 moenibus
1364 3535 1463 3601 urbis.

455 3665 499 3730 Ut
520 3665 652 3748 septem
674 3661 787 3728 decies
808 3660 909 3729 annis
929 3660 1074 3728 inservit
1095 3660 1194 3728 ludas

459 3788 665 3874 Mancipium
686 3787 877 3871 Babylone,
907 3787 1021 3872 agitur
1043 3804 1121 3854 cum
1143 3785 1300 3871 Principe
1324 3783 1449 3853 bellum

456 3919 657 3994 Persarum,
682 3916 784 3980 subeo
808 3913 948 3980 tandem
970 3912 1117 3979 luctator
1138 3915 1175 3981 et
1196 3912 1289 3998 ipse:

457 4033 633 4109 Vincitur:
662 4039 751 4107 haud
775 4038 875 4106 aliter
895 4037 1037 4105 totidem
1059 4039 1135 4123 post
1157 4038 1263 4105 lustra
1285 4037 1445 4104 reducam

346 4169 412 4235 295
457 4168 573 4236 Victor
594 4169 631 4235 et
651 4166 723 4252 ipse
746 4168 902 4248 Patrem,
931 4165 1133 4251 propriaque
1155 4164 1192 4230 in
1215 4164 1295 4232 sede
1318 4162 1444 4230 locabo.

458 4296 505 4363 At
527 4314 587 4363 vos
610 4295 714 4361 vexat
735 4291 846 4359 adhuc
868 4293 990 4374 Satan,
1013 4293 1117 4375 caput
1137 4288 1272 4358 abditur
1294 4307 1401 4355 unum

457 4421 710 4502 Christicolum,
735 4419 845 4486 iarios
868 4419 1020 4505 sequitur
1044 4436 1145 4505 pecus
1167 4417 1245 4484 inde
1267 4415 1447 4500 magistros
