3472 5360
717 487 830 540 ursus
852 445 1002 541 r'aarrvs
1401 475 1462 540 145

361 617 433 682 Pax
455 612 542 682 ridet
566 612 680 695 vultu,
704 614 919 699 complentur
940 617 978 683 et
1000 615 1116 684 omina
1139 619 1279 698 vatum,

361 738 506 824 Ungitur
526 738 564 804 et
585 740 724 805 sanctus
749 737 864 824 populi
887 739 992 806 Pater
1015 744 1118 826 atque
1140 739 1316 808 bominum
1339 742 1422 808 Rex.

362 863 470 930 Oros
491 861 621 944 felices,
645 861 731 945 dixi,
754 863 851 948 queis
873 880 1015 932 cernere
1039 867 1175 932 tantum

255 988 317 1054 425
360 975 576 1055 servatorem
598 986 791 1066 bominum,
817 985 1018 1074 dabiturque
1041 989 1158 1056 audire
1182 988 1361 1058 docentem

362 1111 477 1181 Verba
497 1128 626 1182 arcana
647 1112 722 1192 Dei,
746 1115 784 1179 et
804 1129 919 1180 rernm
943 1111 1100 1182 miranda
1120 1114 1216 1183 tueri.

361 1237 424 1304 Sed
447 1237 567 1323 loquar
588 1253 634 1303 an
656 1237 802 1306 sileami
824 1255 895 1305 non
918 1238 1009 1305 bunc
1031 1241 1195 1323 agnoscet
1219 1239 1334 1321 ludas,

361 1363 435 1430 Heu
456 1360 579 1428 miser!
603 1359 671 1428 beu
694 1363 831 1448 quantis
852 1361 999 1430 obducet
1020 1364 1123 1430 corda
1145 1362 1315 1431 tenebris!

363 1491 469 1555 immo
491 1487 599 1554 etiam
621 1487 801 1556 hostiles...
826 1490 872 1555 At
893 1505 953 1556 cnr
975 1489 1046 1555 tam
1069 1488 1153 1557 dura
1177 1489 1357 1556 retaxami

253 1616 317 1680 430
362 1613 413 1678 En
435 1629 539 1698 prope
564 1613 697 1698 tempus
719 1614 830 1695 adest,
854 1631 921 1698 quo
943 1611 1054 1680 solvat
1076 1612 1214 1682 uincula
1235 1614 1348 1696 Iudas,

362 1739 434 1813 Quo
457 1737 622 1822 templum
645 1737 787 1822 Solymis
808 1757 851 1806 ac
873 1736 986 1805 diruta
1017 1738 1153 1806 moenia
1174 1740 1325 1823 surgant.

360 1866 441 1931 Post
456 1863 541 1931 baec
561 1863 804 1950 (hebdomadas
819 1863 976 1949 numera)
992 1880 1090 1932 saera
1109 1862 1267 1948 victima,
1291 1863 1457 1948 Christus,

361 1987 537 2070 Caeditur,
562 1987 770 2055 horrendum
794 1987 942 2074 lacinus!
967 1990 1061 2055 Tunc
1083 1988 1214 2075 ingruit
1237 1991 1287 2056 ira

360 2111 540 2195 Caelestis,
564 2112 667 2179 Iudae
691 2113 849 2180 abiicitur
872 2112 1080 2199 populusque
1104 2113 1246 2181 rebellis.

250 2239 315 2304 435
360 2238 433 2304 Dux
455 2237 524 2304 rnit
545 2237 779 2324 immanesque
801 2237 908 2319 acies3
941 2238 1108 2306 evertitur
1131 2239 1243 2306 omnis

362 2363 446 2432 Urbs
468 2361 647 2448 Solymae;
672 2364 782 2431 sumat
802 2361 947 2432 fiammis
968 2363 1166 2432 ardentibus
1188 2365 1306 2447 sedec,

362 2491 455 2556 Neve
479 2487 570 2555 ultra
591 2491 758 2572 exurget:
782 2489 893 2556 luctus
914 2488 1109 2556 dominatur
1132 2489 1272 2575 ubique,

360 2617 403 2681 ut
423 2613 559 2682 deserta
580 2615 637 2681 diu
662 2615 814 2682 iordanis
837 2615 938 2683 litora
958 2616 1129 2701 squalent.

364 2737 536 2821 Assyrium
559 2755 715 2806 eversum
739 2739 791 2804 est
813 2756 975 2823 regnum,
1006 2757 1071 2806 nec
1094 2743 1246 2826 tempore
1271 2742 1372 2826 longo

255 2865 317 2928 440
364 2863 543 2948 Imperium
568 2862 680 2930 Persis
702 2862 857 2930 dabitur:
889 2881 944 2931 me
967 2881 1108 2932 noscere
1131 2868 1239 2932 sortes

363 2989 559 3073 Regnorum
582 2988 671 3057 Deus
692 2988 764 3072 ipse
786 2990 868 3056 sinit
890 2989 1077 3075 panditque
1100 2990 1224 3058 lutura.

363 3115 517 3199 Namque
541 3113 640 3197 mibi,
665 3113 829 3182 Eulaeum
850 3114 894 3182 ad
917 3112 1042 3182 flumen
1065 3115 1144 3182 dum
1169 3117 1255 3184 forte
1278 3117 1453 3199 sederem,

364 3241 441 3307 Sese
463 3240 552 3308 aries
574 3243 753 3324 praestans
775 3242 922 3327 proceris
945 3242 1102 3308 cornibus
1123 3243 1242 3310 offert:

364 3367 511 3442 Quorum
534 3383 640 3434 unum
663 3367 857 3434 increscens
879 3367 1020 3453 aliisque
1051 3368 1217 3434 excelsius
1240 3369 1309 3436 ictu

260 3501 319 3564 445
365 3497 545 3564 deciduam
567 3493 819 3579 australemque
843 3492 978 3578 plagam
1002 3495 1201 3578 septemque
1224 3495 1353 3564 triones

364 3621 518 3691 Perculit
540 3621 692 3708 ingenti;
716 3622 856 3689 vertunt
877 3619 1040 3688 animalia
1063 3639 1218 3707 quaeque

365 3751 475 3834 Terga
497 3746 616 3832 fugae,
641 3730 808 3831 nullisque
832 3746 948 3813 datum
973 3749 1025 3814 est
1046 3747 1208 3815 obsistere
1232 3750 1371 3816 contra:

364 3874 487 3942 Omnia
509 3873 552 3940 ad
574 3872 753 3944 arbitrium
776 3874 892 3940 movet
914 3873 969 3940 ille
993 3876 1095 3958 atque
1119 3873 1236 3942 omnia
1257 3879 1380 3943 versat.

366 4004 449 4069 Dum
473 4001 597 4084 miror,
621 4019 725 4086 caper
746 3999 910 4085 hesperiis
932 4018 976 4068 en
1000 4001 1109 4084 surgit
1130 4004 1174 4068 ab
1197 4001 1284 4084 oris,

255 4133 319 4198 450
364 4129 429 4205 Qui
450 4126 554 4196 celeri
576 4127 708 4212 rapitur
731 4125 834 4212 pede,
862 4125 920 4192 vix
943 4129 981 4193 et
1003 4131 1164 4212 praepete
1187 4146 1286 4195 cursu

365 4255 538 4322 Summam
561 4252 675 4337 tangit
696 4252 856 4335 humum,
879 4253 915 4319 et
937 4254 1046 4320 totum
1070 4254 1302 4340 praetervolat
1324 4257 1450 4324 orbem.

365 4378 450 4444 Huic
472 4377 605 4460 insigne
629 4373 719 4442 nitet
738 4374 878 4460 gemina
901 4373 993 4442 inter
1015 4376 1144 4443 lumina
1167 4394 1293 4444 cornu:

366 4502 469 4570 irruit
490 4501 629 4569 immani
655 4499 747 4581 nisu,
772 4516 916 4586 cumque
939 4501 1048 4569 ariete
1071 4520 1220 4586 pugnam

1332 4641 1361 4687 ro
