3472 5360
317 516 380 584 162
819 523 1017 576 0000100000

422 656 576 740 Protegit
597 652 818 736 immensum,
843 667 913 717 non
936 647 1014 718 ullis
1035 647 1182 717 flectitur
1204 649 1344 730 austris,
1490 643 1493 650 '

422 781 509 860 Quin
531 779 663 866 spernit
684 777 786 844 duras
806 775 937 842 hiemes
958 774 1159 860 rabidaeque
1183 774 1356 860 proeellas.

421 903 518 972 Haud
539 902 658 985 aliter,
680 901 760 968 dum
783 915 846 965 nos
867 899 1034 983 piscosum
1055 896 1223 968 verrimus
1244 916 1389 984 aequor,

314 1029 375 1096 140
420 1025 570 1095 Nubibus
591 1023 744 1093 obruitur
766 1020 920 1104 eaelum,
952 1021 1143 1106 pelagoque
1165 1022 1235 1090 0011
1257 1039 1326 1088 nox

423 1150 629 1240 improvisa,
653 1147 736 1216 ratis
759 1147 866 1216 100100
888 1145 1108 1215 stridentibus
1130 1146 1229 1214 undis

422 1279 494 1346 Huc
517 1275 616 1356 illuo,
648 1273 832 1360 inopesque
855 1271 942 1338 mari
964 1270 1033 1338 iam
1056 1271 1243 1357 mergimur
1257 1257 1345 1339 alto.

423 1403 492 1470 Nos
514 1399 666 1486 placidae
690 1401 821 1480 Iesum,
844 1397 988 1464 dantem
1010 1414 1072 1464 sua
1094 1398 1247 1465 membra
1270 1395 1397 1482 quieti,

424 1523 620 1594 Excutimus
640 1539 759 1590 somno
782 1519 971 1605 trepidique
994 1518 1030 1586 in
1053 1521 1134 1587 0010
1157 1538 1325 1588 vocamus

316 1653 379 1719 115
424 1653 573 1736 Imperat
594 1647 674 1730 ille,
702 1649 820 1714 tacent
841 1643 957 1726 00011,
981 1645 1198 1731 tenebrisque
1221 1644 1347 1729 iugatis

422 1777 495 1843 Lux
518 1773 622 1842 micat
644 1775 680 1841 et
702 1769 847 1840 tremulo
869 1768 1047 1838 subsidunt
1069 1787 1238 1840 marmore
1260 1768 1390 1837 duetus

422 1905 494 1970 lam
516 1899 645 1968 delibor
667 1915 750 1984 ego,
774 1913 845 1966 non
867 1897 955 1964 haec
976 1896 1142 1964 solemnia
1165 1896 1305 1982 posthae

421 2029 550 2094 Rursus
571 2043 695 2111 agam,
727 2022 809 2089 mihi
831 2041 965 2091 summa
986 2022 1059 2089 dies
1081 2021 1254 2108 Pauloque
1277 2021 1504 2108 propinquat,

422 2156 515 2230 Quae
539 2149 663 2220 Christi
685 2149 846 2235 amplexu
868 2150 1049 2217 aeteruum
1070 2147 1169 2216 010001
1193 2149 1290 2218 00101
1311 2150 1437 2216 ambos

318 2281 379 2348 150
512 2276 571 2344 llis
593 2275 692 2343 dictis
721 2274 843 2342 deiecti
866 2273 991 2342 animis
1019 2273 1168 2359 victique
1191 2274 1327 2358 dolore,

426 2403 582 2471 Ploratus
602 2399 818 2487 gemitusque
839 2398 954 2482 olent余
978 2399 1034 2466 ubi
1057 2399 1212 2487 linquere
1235 2402 1378 2485 gnatos,

423 2527 512 2602 Quos
534 2521 668 2610 peperit
689 2521 821 2590 Christo
845 2525 993 2606 norunt,
1028 2520 1078 2588 nil
1101 2521 1231 2590 tristius
1253 2521 1328 2588 illis.

425 2649 493 2718 Vix
515 2649 672 2736 planetus
693 2651 853 2732 1000000,
887 2649 1008 2717 Petrus
1030 2665 1092 2716 sua
1113 2650 1220 2716 verba
1241 2647 1393 2735 reposci,

423 2775 464 2844 Se
487 2775 616 2862 signari
632 2775 738 2844 000110
759 2773 883 2856 sensit余
907 2772 1031 2841 dduoia
1052 2773 1153 2842 rebus

319 2903 380 2969 155
424 2903 473 2970 Ne
497 2901 585 2969 desit
609 2899 724 2981 nuxis,
748 2899 882 2986 placida
901 2899 950 2967 sio
972 2917 1056 2968 0000
1082 2901 1239 2968 secutus:

512 3026 597 3104 Quid
621 3025 768 3095 referam
790 3027 951 3112 portenta
973 3025 1078 3094 oculis
1100 3025 1137 3093 in
1167 3025 1296 3095 0001100
1319 3031 1439 3126 saneto

426 3154 507 3222 Visa
529 3153 633 3238 meis,
665 3153 807 3223 memori
830 3157 998 3221 renovant
1021 3170 1110 3239 quae
1132 3153 1257 3238 gaudia
1284 3155 1418 3222 menlit

423 3279 576 3362 Credite,
600 3297 684 3347 0000
706 3279 844 3366 loquor,
868 3279 997 3347 claram
1019 3281 1171 3348 mutatur
1195 3281 1287 3348 Iesus

426 3408 587 3475 Actutum
609 3406 646 3474 10
668 3407 834 3492 speciem,
858 3405 961 3474 radiis
983 3405 1219 3492 rutilantibus,
1244 3407 1373 3490 01001,

319 3533 380 3600 160
423 3533 533 3609 Quum
556 3529 642 3599 caeli
666 3531 815 3599 modium
837 3530 944 3598 currit
970 3529 1191 3600 nitidissimus
1213 3531 1350 3613 orbem余

424 3659 491 3726 Ora
514 3656 660 3742 micant,
683 3659 797 3726 vestes
820 3656 937 3743 pulcra
960 3656 1039 3726 nive
1062 3656 1283 3726 candidiores.

424 3783 511 3851 lione
534 3782 614 3852 binc
636 3783 726 3851 Elias
747 3801 919 3869 apparens
941 3783 1088 3870 indeque
1111 3785 1239 3868 Moses,

424 3909 559 3976 Arcano
581 3907 751 3976 Christum
772 3925 809 3978 se
833 3909 924 3978 10100
945 3926 1102 3977 sermone
1127 3912 1312 3978 morantur.

424 4033 601 4117 Admiror,
624 4034 803 4123 rapiorque
827 4035 942 4104 auimo
964 4034 1145 4104 dulcedine
1168 4037 1286 4118 10010,

320 4162 382 4230 165
427 4161 472 4228 111
493 4178 652 4247 superum
675 4161 744 4230 iam
767 4181 851 4249 paee
874 4162 961 4245 frui,
996 4162 1065 4230 iam
1087 4162 1164 4231 luce
1185 4161 1329 4232 viderer.

427 4285 513 4364 Quid
536 4286 676 4374 loquar,
699 4287 837 4374 ignoro余
859 4287 919 4358 sed
942 4290 1051 4358 nubes
1074 4289 1203 4376 lulgida
1225 4291 1353 4360 circum

427 4412 613 4496 Funditur,
649 4417 685 4482 01
706 4414 845 4502 delapsa
866 4415 944 4501 polo
967 4435 1034 4484 vox
1058 4416 1165 4485 100100
1187 4417 1231 4486 ad
1252 4436 1374 4488 aures:

427 4539 553 4623 Magna
577 4538 635 4607 Dei
659 4539 744 4608 haee
767 4540 921 4626 soboles,
944 4541 1062 4611 divina
1084 4542 1239 4613 facessite
1263 4543 1373 4612 diota:
