3576 5376
325 516 391 582 386
881 533 993 582 rhum

433 655 593 724 Gratulor
614 656 685 742 ipse
710 658 809 740 mihi,
834 658 931 745 capio
954 661 991 725 et
1014 657 1145 727 felicius
1167 675 1279 726 omen.

372 761 378 780 ⁸
435 779 714 866 Quandoquidem
737 783 855 849 nostra
877 799 1048 866 quaenam
1070 781 1236 849 miracula
1258 781 1363 867 possit

347 907 392 974 25
436 909 468 974 Is
490 878 595 992 Ligur
617 906 781 974 excivisse
805 907 898 992 lyra,
922 907 980 973 vix
1003 907 1143 974 credere
1168 907 1220 975 sas
1242 908 1310 976 est!

435 1034 479 1100 Ut
501 1049 590 1115 mos,
614 1032 702 1100 forte
725 1032 782 1100 via
804 1031 884 1099 dum
908 1032 1117 1118 Pagauinius
1140 1033 1226 1116 iret,
1320 1095 1323 1100 ,

431 1155 561 1224 caecus
583 1155 683 1223 homo
705 1155 826 1240 strepit
849 1174 928 1223 ecce
952 1154 1067 1240 chely,
1092 1155 1300 1242 minimeque
1324 1155 1453 1241 peritus

432 1282 496 1348 Dat
518 1280 648 1367 plectro
670 1279 821 1363 sonitus,
846 1280 1018 1366 incompto
1041 1283 1078 1348 et
1100 1282 1252 1348 carmine
1274 1278 1370 1347 ludit.

433 1407 533 1472 Astat
555 1405 682 1487 multa,
708 1404 889 1489 frequens,
912 1405 1050 1490 inopem
1072 1405 1233 1472 miserata
1255 1406 1456 1484 canentem,

346 1531 390 1596 30
436 1529 535 1597 Plebs
558 1529 707 1612 circum,
730 1547 795 1598 neo
819 1531 927 1596 multa
949 1533 1066 1598 tamen
1089 1529 1174 1616 stips
1196 1529 1305 1597 fertur
1326 1547 1445 1614 egeno.

432 1656 562 1742 Arripit
584 1673 628 1724 eu
652 1656 819 1723 citharam
842 1655 899 1723 olli
922 1656 1149 1741 Pagauinius3
1172 1655 1283 1724 omnis

432 1781 662 1848 Circumstaus
682 1780 799 1849 dulces
820 1798 982 1848 numeros
1005 1781 1090 1848 bibit
1111 1799 1213 1850 aure:
1236 1783 1388 1865 putasses

433 1905 530 1973 Illum
553 1905 609 1992 qui
634 1904 755 1972 fidibus
778 1904 964 1975 thebanam
987 1905 1138 1972 condidit
1160 1924 1293 1989 arcem,

432 2033 510 2100 Sive
533 2031 623 2100 seras
644 2031 751 2100 silvae
775 2030 983 2100 mulcentem
1005 2030 1139 2100 lenibus
1161 2032 1304 2119 Orphea.

343 2159 387 2224 35
432 2158 582 2225 Plurima
603 2159 704 2226 turba
727 2160 849 2226 vocata
872 2175 961 2226 novo
984 2157 1054 2225 ruit
1074 2157 1223 2243 undique
1245 2159 1368 2240 cantu,

432 2283 548 2350 Prodit
569 2285 604 2352 et
627 2283 684 2352 ille
708 2283 814 2351 melos
835 2285 974 2368 gratum
996 2299 1097 2368 mage
1109 2301 1119 2366 ;
1141 2282 1265 2350 deinde
1288 2279 1418 2349 misello

429 2407 612 2478 collectam
636 2407 731 2494 large
752 2409 812 2476 dat
834 2426 951 2496 opem:
974 2410 1061 2477 haec
1085 2407 1266 2476 benefacta
1288 2408 1444 2474 recenset

430 2531 541 2618 Usque
564 2549 695 2600 memor
716 2533 837 2600 Genua
859 2535 962 2618 atque
984 2551 1045 2600 suo
1067 2533 1225 2617 gratatur
1247 2531 1394 2598 alumno.

429 2659 534 2724 Fama
556 2660 625 2740 est,
648 2657 820 2742 insignem
842 2657 1075 2726 citharoedum
1098 2656 1186 2726 forte
1212 2657 1354 2725 taberna

340 2780 384 2845 40
429 2781 514 2846 Dum
538 2783 657 2864 tenet,
680 2780 824 2848 intentis
846 2781 890 2848 ad
913 2780 1033 2848 valvas
1053 2781 1191 2848 auribus
1213 2781 1320 2861 astat,

427 2906 583 2990 Aucupet
607 2908 645 2972 ut
665 2905 813 2988 sonitus,
838 2904 960 2973 mulier
967 2923 976 2987 ;
1000 2906 1058 2973 sed
1082 2905 1199 2973 ludere
1223 2905 1357 2972 chordis

428 3029 552 3117 Incipit
573 3030 645 3116 ipse
668 3031 809 3117 lyraque
831 3047 940 3098 novas
962 3047 1162 3116 expromere
1186 3047 1295 3097 voces

426 3156 510 3223 Tum
531 3158 647 3242 stupet
669 3155 820 3223 insuetos
841 3156 1002 3241 strepitus
1022 3154 1140 3224 audire
1163 3155 1330 3236 terarum,

427 3281 497 3349 Aut
519 3280 649 3349 ululare
672 3281 785 3368 lupos,
809 3281 926 3350 rabido
948 3283 1009 3350 aut
1032 3281 1177 3349 fremere
1200 3299 1259 3349 ore
1283 3283 1414 3362 leonae,

339 3407 383 3472 45
427 3405 492 3474 Seu
513 3406 654 3493 gruuiro
676 3425 771 3492 sues,
795 3408 910 3476 barros
932 3425 1116 3475 raucumve
1140 3407 1288 3491 cientes,

428 3531 525 3600 Nunc
548 3534 670 3599 raucat
691 3533 809 3616 tigris,
835 3549 926 3600 nuno
951 3550 1047 3601 ursus
1068 3533 1209 3601 saltibus
1231 3533 1354 3612 uncat,

427 3657 514 3723 Hinc
536 3675 658 3725 suaves
680 3657 797 3724 avium
820 3657 974 3740 numeri,
999 3657 1078 3726 inde
1101 3657 1256 3725 hinnitus
1280 3673 1451 3742 equorum.

428 3783 486 3849 His
509 3781 597 3867 urgit
618 3781 742 3848 auditis
763 3783 964 3867 perterrita;
989 3781 1068 3869 quid
1090 3783 1153 3851 sibi
1176 3783 1275 3850 tanta

429 3907 582 3974 Monstra
605 3904 714 3974 velint
736 3905 876 3990 ignara,
901 3901 1064 3974 trementi
1086 3909 1224 3992 pectore
1248 3904 1375 3972 volvit:

338 4033 382 4098 50
425 4030 687 4117 Quadrupedum
709 4031 952 4117 volucrumque
975 4034 1074 4117 putat
1096 4031 1229 4100 vivaria
1250 4031 1353 4099 silvas

424 4155 538 4223 Edisse
560 4160 621 4224 aut
644 4155 779 4241 magica
801 4157 957 4224 miranda
979 4157 1064 4224 haec
1089 4157 1226 4242 prodier
1247 4159 1333 4224 arte.

425 4282 535 4348 Tanta
557 4280 642 4349 haec
665 4281 825 4367 egregius
847 4281 976 4367 plectro
998 4281 1186 4368 fidibusque
1209 4281 1343 4349 canoris

424 4407 516 4474 Voce
539 4409 668 4491 potest,
694 4407 871 4502 variisque
886 4405 1019 4474 auditor
1041 4406 1168 4474 lusibus
1191 4406 1322 4474 haurit:

424 4532 523 4601 Nunc
545 4533 678 4626 etenim
698 4533 805 4600 veluti
829 4535 958 4600 tonitru
980 4535 1122 4601 reboare
1146 4531 1313 4616 profundo
