3560 5368
768 757 997 842 tenucla
1033 760 1123 842 Vll

487 1131 489 1134 Ι
612 1051 668 1117 ΒΕ
690 1051 826 1120 ΜΑΒΙΑ
845 1053 903 1120 ΑΙ)
925 1051 1172 1120 suPVLdRVM
1191 1052 1286 1120 insu

452 2149 548 2218 Haud
571 2149 686 2236 procul
708 2149 850 2235 indigno
872 2148 995 2220 cecidit
1016 2166 1083 2236 quo
1105 2148 1245 2217 victima
1267 2151 1384 2216 monte

535 2275 706 2358 Christus,
729 2277 769 2343 ut
788 2295 811 2344 a
833 2275 953 2344 vinctis
974 2275 1124 2344 solveret
1144 2290 1246 2343 omne
1267 2291 1399 2359 genus,

449 2403 574 2470 Hortus
595 2404 671 2470 erat
690 2400 761 2469 lato
783 2400 892 2484 solus,
915 2400 970 2468 cui
992 2399 1139 2486 plurima
1160 2415 1279 2486 sepes,

538 2524 676 2593 Arboris
696 2526 734 2592 et
755 2524 849 2593 nullo
872 2525 1032 2593 moestior
1053 2524 1175 2592 umbra
1198 2523 1280 2592 loco.

384 2654 406 2718 5
450 2651 590 2718 Rivulus
611 2650 667 2718 hic
688 2649 780 2717 inter
800 2649 954 2736 scopulos
975 2649 1185 2736 abruptaque
1209 2666 1293 2718 saxa

537 2772 711 2842 Flebititer
732 2771 802 2841 leni
825 2789 997 2840 murmure
1020 2771 1115 2840 ducit
1136 2789 1250 2858 aquas

451 2897 549 2966 Nulla
569 2898 745 2966 hominum
768 2916 836 2966 vox
857 2897 934 2978 hic,
957 2895 1053 2964 nulla
1075 2897 1131 2964 hic
1152 2897 1315 2982 vestigia3
1346 2896 1481 2964 tantum

539 3023 632 3090 Aura
652 3022 773 3108 strepit
794 3021 899 3106 toliis,
920 3021 1019 3088 dulce
1041 3022 1231 3106 queruntur
1251 3037 1341 3089 aves

452 3147 494 3212 nt
515 3146 629 3213 lentae
652 3144 772 3213 salices
804 3125 1025 3214 et'ttrnereae
1052 3143 1214 3229 cyparissi

364 3273 404 3338 10
470 3293 473 3300 ¹
536 3271 730 3356 Desertique
753 3287 893 3356 specus,
923 3269 1039 3337 omnia
1059 3267 1142 3338 itero
1165 3267 1292 3336 iubent.

449 3394 510 3460 Hic
534 3392 644 3478 patrio
667 3391 708 3460 de
732 3409 825 3461 more
848 3409 967 3462 recens
988 3393 1025 3460 in
1053 3409 1137 3478 rupa
1159 3390 1352 3478 sepulcrum

538 3519 566 3584 Α
589 3519 699 3587 Rama
719 3520 840 3606 Ioseph
863 3518 1016 3588 condidit
1038 3519 1110 3605 ipse
1132 3517 1205 3586 sibi.
1305 3565 1308 3573 ·

448 3642 542 3712 Cella
563 3643 656 3712 intus
677 3643 761 3712 satis
781 3643 897 3730 ampla
919 3643 1039 3712 effosso
1062 3641 1230 3711 clauditur
1251 3644 1370 3724 antro,

538 3767 655 3836 Nullus
676 3767 732 3836 ubi
755 3769 928 3836 extremas
950 3767 1084 3837 rettulit
1113 3767 1262 3836 inferias

365 3895 405 3959 15
449 3893 583 3961 Illatum
607 3893 673 3959 hnc
696 3891 808 3961 fuerat
830 3910 953 3979 corpus
974 3892 1193 3962 venerabile:
1216 3910 1336 3961 saxum

535 4017 608 4083 Huc
631 4014 804 4084 admotum
826 4015 952 4101 ingens
974 4017 1063 4084 ostia
1084 4015 1291 4085 condiderat

449 4141 492 4208 Et
513 4140 715 4226 Magdalene
737 4142 774 4208 et
795 4139 942 4227 Cleophe
965 4158 1187 4227 moerensque
1207 4141 1339 4210 Salome

538 4263 730 4333 Astiterunt
752 4262 895 4332 madidis
916 4267 998 4332 autc
1020 4265 1177 4352 sepulcra
1198 4265 1304 4350 genis

449 4392 491 4457 ut
513 4389 625 4458 tundit
646 4388 766 4476 Ioseph
788 4391 825 4457 et
847 4389 1071 4458 Nicoademus
1092 4389 1231 4472 odores,

361 4517 406 4582 20
536 4511 579 4581 nt
600 4513 759 4599 myrrhae
781 4515 884 4599 atquc
906 4513 1000 4582 does
1022 4514 1163 4600 pinguia
1184 4515 1274 4583 dona
1297 4515 1384 4584 tulit.
