3576 5376
708 757 941 842 utueln
975 757 1065 842 Xll

772 977 1010 1046 MORITVR

395 1677 450 1745 s01
472 1677 575 1761 caput
596 1676 731 1744 interea
752 1675 852 1758 nigra
875 1675 1047 1761 ferrugine
1070 1679 1192 1764 cingit,

480 1801 707 1887 Intempesta,
731 1799 873 1867 horrens
895 1809 1038 1887 occupat
1060 1801 1180 1870 umbra
1201 1803 1312 1872 diem:

398 1925 509 1992 Aurea
531 1941 595 1992 uec
618 1923 778 1991 tenebras
799 1922 892 1990 inter
912 1923 997 1992 dant
1017 1923 1130 1994 sidera
1150 1925 1278 2005 lucem,

486 2045 669 2133 Indignata
691 2046 768 2133 pclc
789 2046 916 2132 pallida
936 2047 1020 2116 luna
1042 2047 1140 2133 ugit

328 2177 351 2240 5
393 2173 516 2242 Omnia
536 2173 707 2240 testantur
730 2172 933 2240 morientem
955 2173 1129 2242 clementa
1151 2175 1371 2260 Magistrum,

483 2295 606 2364 Omnia
626 2296 712 2364 dant
734 2297 889 2382 questus,
913 2297 1029 2364 omnia
1050 2296 1130 2366 flere
1153 2297 1281 2366 iubent

397 2424 468 2490 Nec
489 2423 606 2488 tamen
630 2419 668 2487 in
690 2419 797 2490 tantis
817 2421 1025 2489 moeroribus
1047 2421 1151 2508 impia
1172 2423 1292 2490 turbae

482 2545 611 2613 Probra
633 2545 771 2629 tacent,
794 2545 927 2612 animos
949 2513 1055 2614 tristis
1075 2547 1217 2633 erinnys
1238 2548 1321 2636 agit.

395 2671 484 2748 Quin
505 2669 611 2738 etiam
633 2667 732 2735 dictis
753 2669 960 2755 pendentem
981 2670 1122 2757 stringit
1142 2673 1268 2740 amaris

312 2799 350 2863 10
481 2796 564 2877 Fur,
586 2793 688 2862 laeva
708 2794 846 2862 sceleris
868 2795 926 2881 qui
948 2795 986 2862 in
1009 2796 1105 2863 trabe
1129 2796 1219 2866 iusta
1240 2797 1311 2865 luit

396 2923 443 2987 nt
464 2921 557 2987 Iesus
577 2917 659 2986 diris
680 2917 818 2986 veniam
841 2919 1024 2988 tortoribus
1043 2921 1140 3000 orat,

484 3045 609 3127 Parce,
631 3044 698 3126 ait,
721 3044 884 3112 obcaecat
906 3043 1022 3112 nescia
1041 3045 1146 3112 corda
1167 3045 1268 3113 turer.

397 3169 512 3238 Audiit
533 3169 620 3238 haec
640 3170 798 3252 Genitor3
820 3171 1006 3256 dexterque
1029 3171 1065 3238 in
1089 3171 1209 3240 sunere
1232 3172 1319 3241 latro

482 3294 581 3363 Haud
602 3295 701 3380 tulit,
724 3296 761 3364 et
782 3295 909 3364 socium
932 3295 1056 3364 talibus
1075 3295 1280 3382 adloquitur:

313 3421 353 3486 15
398 3421 493 3488 Neve
516 3421 621 3488 Deum
644 3419 786 3503 metuis,
811 3420 950 3490 ierimus
971 3437 1074 3507 quum
1097 3421 1239 3488 crimine
1259 3421 1382 3507 digna,

484 3547 528 3614 Et
548 3563 639 3614 mcrs
660 3547 730 3614 iam
753 3550 885 3616 nostros
907 3547 1033 3633 rumpit
1053 3549 1178 3616 acerba
1199 3547 1292 3616 diest

398 3671 537 3758 Integer
559 3669 614 3738 bic
637 3671 729 3740 vitae
750 3674 854 3758 atque
875 3673 1190 3742 observantissimus
1210 3672 1327 3758 aequi:

486 3795 618 3874 Quidue
640 3796 722 3864 mali
742 3797 847 3883 gessit
867 3816 999 3885 quaeve
1020 3797 1164 3867 scelesta
1184 3797 1268 3866 luitt

397 3919 547 4004 Sicilie,
570 3921 607 3989 et
629 3921 797 3991 Christum
820 3923 981 4008 intuitus,
1005 3925 1059 3992 Me
1082 3923 1229 4008 respice,
1251 3921 1358 4003 dixit,

312 4048 356 4114 20
488 4048 648 4134 Respice,
672 4067 776 4135 quum
799 4051 916 4119 venies
938 4051 973 4118 in
997 4053 1057 4118 tue
1078 4067 1205 4135 regna,
1228 4051 1324 4116 Deus.

401 4173 461 4241 Cui
485 4176 594 4256 Iesus;
617 4174 723 4243 Hodie
746 4193 879 4244 mecum
902 4177 941 4244 tu
962 4175 1073 4244 sidera
1094 4175 1253 4258 scandes,

486 4299 708 4387 Accipicsque
730 4303 790 4370 tua
812 4301 965 4387 praemia
985 4301 1092 4386 digna
1113 4299 1189 4370 fide.

398 4427 568 4494 immensa
589 4444 610 4494 ο
632 4425 757 4513 pietas!
781 4426 937 4513 quisnam
960 4445 1019 4513 spe
1041 4426 1174 4496 decidet
1196 4443 1365 4510 unquam,

484 4554 556 4620 Hoc
578 4552 667 4622 mato
689 4551 842 4640 pendens
863 4553 891 4620 si
915 4553 1003 4621 utro
1025 4553 1148 4639 pignus
1169 4551 1294 4618 babet?
