3472 5360
667 519 778 570 LIBER
801 515 936 567 PRIMVS

307 650 469 716 Actutum
491 646 607 714 nimbo
629 645 806 731 caecisque
825 643 971 712 obducta
994 639 1145 709 tenebris

305 771 404 840 Unda
427 771 542 840 fremit
562 769 750 857 stridetque
771 769 856 838 atris
878 765 1094 854 aquilonibus
1116 779 1253 864 aequor.

145 979 148 986 Ι
307 897 458 966 Nubibus
479 896 608 965 electro
629 895 781 982 gravidis
803 895 855 963 vis
876 895 981 981 ignea
1002 893 1099 960 vaslo

196 1025 261 1090 300
306 1023 461 1110 Erumpit
484 1022 634 1104 tonitru,
659 1020 791 1090 furiatis
813 1019 955 1089 carbasa
976 1017 1090 1087 ventis

310 1148 477 1235 suropo,
507 1146 640 1216 effracti
663 1149 789 1216 nantes
809 1146 847 1212 in
866 1145 1005 1232 gurgite
1027 1142 1123 1210 remi.

307 1275 382 1359 Ipse
405 1275 515 1354 Nero,
538 1271 641 1360 puppi
664 1271 894 1360 nequidquam
916 1270 1028 1338 tectus
1049 1270 1093 1337 ab
1114 1283 1242 1348 aurea,

307 1394 479 1464 Fluctibus
499 1395 686 1481 abripitur,
718 1395 834 1464 forsan
856 1413 948 1462 nuno
970 1392 1116 1480 piscibus
1138 1407 1233 1470 esca,

309 1526 377 1592 Aut
399 1521 528 1592 nudum
549 1522 670 1607 ignota
691 1523 878 1610 proiectum
900 1539 1022 1607 corpus
1049 1535 1167 1588 arena.

93 1661 95 1666 ·
197 1651 265 1716 305
397 1647 455 1716 His
478 1647 576 1716 dictis
596 1650 780 1736 stupuere3
803 1647 871 1716 imo
894 1646 1017 1715 fiducia
1037 1643 1171 1713 cunctis

310 1773 416 1841 Corde
440 1775 559 1842 manet
581 1775 719 1843 demum
739 1775 877 1842 lantum
899 1771 1056 1857 effugisse
1084 1772 1281 1854 tyrannum.

308 1899 479 1985 Principio
502 1900 604 1968 mites
628 1899 791 1968 mentitus
813 1901 952 1985 pectore
975 1915 1115 1978 sensus,

257 2007 265 2026 '
312 2024 398 2101 Quid
421 2043 492 2092 non
515 2025 675 2092 horrendi
705 2025 848 2112 posthac
869 2027 921 2093 est
944 2022 1096 2092 criminis
1115 2019 1242 2089 aususl

311 2153 500 2220 Monstrum
523 2151 692 2238 immane,
715 2155 831 2234 atrox,
856 2169 924 2219 uno
947 2151 1034 2237 quod
1056 2147 1225 2235 sanguine
1247 2144 1392 2232 gaudet,

201 2278 268 2344 310
314 2276 428 2354 Qualis
450 2277 487 2344 in
510 2278 663 2363 hyrcana
687 2278 785 2364 tigris
816 2277 1015 2346 saevissima
1036 2275 1131 2343 silva.

313 2399 485 2467 Persentit
507 2402 655 2483 Burrus,
678 2401 732 2468 cui
755 2401 804 2468 nil
827 2401 997 2486 praetoria
1020 2400 1162 2484 prosunt

316 2523 478 2603 Munera,
501 2539 567 2590 nec
589 2522 709 2590 sollers
730 2523 885 2606 animns;
916 2521 1085 2610 persentit
1106 2521 1142 2588 et
1163 2517 1220 2587 ille

316 2648 499 2726 annaeus,
522 2647 639 2716 iuveni
663 2649 832 2735 ingenuas
854 2649 912 2734 qui
935 2646 1075 2716 tradidit
1095 2649 1198 2714 artes.

317 2773 405 2850 Quin
428 2775 535 2861 ipsam
558 2775 595 2841 in
618 2778 764 2844 matrem
786 2775 916 2858 saevit,
946 2793 1010 2843 nec
1031 2774 1174 2862 perdere
1196 2771 1265 2840 leto

207 2899 272 2964 315
317 2897 502 2982 Exhorret,
525 2897 783 2986 thalamumque
805 2899 948 2969 infanda
969 2899 1079 2968 caede·
1096 2898 1264 2966 cruentat.

319 3025 414 3092 Hanc
437 3025 526 3092 Dens
546 3026 684 3092 avertat
705 3029 853 3111 pestem:
876 3026 925 3094 sic
946 3025 1088 3113 quisquo
1110 3022 1265 3093 revolvit

404 3150 573 3219 Maximus
594 3161 632 3219 at
654 3153 793 3235 Pastor,
828 3151 926 3220 Pauli
948 3169 1051 3238 quem
1073 3169 1156 3218 onra
1177 3148 1332 3229 lacemit‚

317 3273 379 3341 Hic
402 3273 483 3360 quid
504 3278 605 3361 agat,
627 3277 784 3362 quaerit,
805 3295 969 3363 praesens
991 3279 1026 3346 et
1048 3274 1227 3345 Onesimus
1249 3271 1376 3358 inquit:

316 3400 479 3469 Vinctum
502 3402 571 3468 vidi
595 3402 691 3471 illum
712 3422 833 3473 secura
855 3407 971 3472 mento
1003 3403 1180 3471 sedentem

206 3525 272 3592 320
317 3525 407 3594 Saxa
428 3545 540 3612 super,
573 3529 767 3598 Mamertini
790 3548 858 3615 qua
880 3529 1027 3598 carceris
1048 3531 1187 3598 anuum

316 3650 463 3719 Inferius
484 3654 582 3737 patet
603 3655 707 3740 alque
730 3657 875 3723 aeterna
897 3653 1091 3722 obvolvitur
1113 3651 1252 3733 umbra,

317 3776 440 3844 Oscula
463 3777 598 3846 somatis
620 3779 786 3847 libantem
815 3796 917 3866 saepo
940 3779 1092 3848 catenis:

318 3898 372 3966 Nil
395 3898 452 3967 olli
476 3917 558 3969 nam
582 3901 691 3969 maior
714 3900 823 3970 bonos
844 3919 947 3987 quam
969 3900 1107 3968 vincula
1128 3898 1268 3981 christi,

320 4025 431 4109 Atque
452 4025 523 4092 ait:
546 4025 674 4112 Ecquid
697 4045 763 4112 ego
786 4027 923 4096 momrl
951 4027 1016 4094 bac
1038 4043 1204 4112 compage
1225 4023 1337 4092 soluta

208 4149 274 4214 3⁴25
319 4149 474 4234 Discupio
495 4151 636 4219 tandem
656 4150 789 4220 cbristo
811 4151 1001 4236 coniungor
1022 4148 1092 4217 uni.

322 4275 476 4360 Namque
501 4293 577 4343 meo
599 4274 680 4361 quid
703 4293 758 4345 mo
781 4276 908 4363 poterit
930 4273 1092 4344 divellere
1113 4273 1215 4342 Iosul

321 4399 376 4464 Me
400 4397 515 4468 nullae
537 4417 745 4483 aerumnae,
769 4409 824 4469 me
847 4400 942 4469 nulla
965 4399 1181 4468 incommoda
1202 4397 1317 4479 vitae,

321 4523 375 4592 Me
399 4541 511 4610 neque
534 4525 609 4593 dira
631 4525 739 4595 sames
761 4542 933 4614 unquam,
966 4543 1031 4594 nec
1054 4525 1161 4594 tristis
1181 4525 1338 4609 egestas,
