3576 5376
792 745 1025 830 nundin
1061 747 1133 830 Ill

712 967 898 1038 unPsvs
933 969 1024 1037 SVB
1057 966 1216 1042 CRVCE

467 1673 566 1741 Atria
587 1673 648 1740 sed
668 1671 821 1741 christus
843 1672 1021 1758 postquam
1044 1670 1217 1756 praetoria
1238 1668 1359 1755 liquit,

555 1795 767 1882 Sanguineos
790 1797 911 1864 trunco
934 1796 1175 1882 supposuitque
1198 1791 1375 1874 humanm,

470 1921 606 1990 Ferales
626 1938 790 2007 crepuere
813 1921 937 2003 tubae,
961 1938 1057 1989 mora
1080 1919 1193 2002 nulla,
1216 1917 1349 1986 cruenti

558 2045 610 2112 Ad
631 2045 707 2114 loca
729 2043 883 2132 supplicii
906 2061 1047 2132 carpere
1069 2046 1186 2112 coetus
1208 2043 1294 2126 iter,

402 2176 424 2238 5
468 2174 511 2240 Et
531 2173 679 2239 subeunt
700 2171 856 2239 crucibus
877 2169 1027 2238 devincti
1051 2169 1190 2239 brachia
1212 2167 1303 2236 tures
1322 2166 1375 2246 (ยน),

557 2295 639 2364 lude
661 2295 780 2365 cohors
801 2299 904 2382 atque
927 2295 1009 2365 hinc
1030 2295 1136 2364 effera
1162 2293 1370 2364 camillcum.

472 2421 542 2486 Nec
564 2437 642 2500 vos,
667 2418 887 2498 Romulidae,
910 2418 1030 2505 puduit
1052 2418 1247 2486 victricibus
1268 2415 1372 2484 armis

557 2543 714 2630 Turpiter
736 2544 885 2611 invidiae
909 2543 983 2612 dira
1005 2547 1148 2630 tropaea
1168 2541 1283 2628 sequi!

469 2670 616 2754 clangor
638 2669 695 2736 ubi
716 2668 946 2755 strepitusque
968 2667 1157 2752 attollitur,
1181 2666 1295 2735 excita
1317 2663 1398 2732 totis

386 2799 427 2864 10
559 2794 660 2861 Plebs
681 2794 810 2878 effusa,
835 2792 994 2880 frequens
1015 2793 1149 2861 sedibus
1170 2809 1251 2860 ecce
1273 2789 1350 2858 ruit

473 2921 519 2987 nt
539 2937 659 2988 sensus
680 2919 776 2987 varii.
800 2921 974 2987 insontem
996 2918 1051 2984 hic
1074 2918 1257 2988 miseratur
1277 2916 1438 2984 euntem:

559 3041 687 3109 Mussat
708 3043 745 3108 et
766 3040 842 3108 hic:
867 3043 992 3126 Magno
1015 3040 1158 3109 crimine
1179 3039 1286 3126 digua
1307 3038 1380 3104 luit

472 3169 633 3234 Attamen
656 3164 747 3233 haud
768 3163 857 3232 ullus
880 3163 948 3232 lert
969 3163 1049 3250 quid
1071 3164 1246 3233 solaminis
1271 3181 1395 3248 aegro,

561 3292 624 3358 l'ot
646 3289 727 3358 licat
748 3291 922 3359 aerumnis
943 3291 1000 3360 ille
1023 3291 1156 3360 tulisset
1178 3307 1287 3376 opem.

389 3418 427 3482 lb
470 3413 639 3500 Diffugere
663 3431 802 3497 omnes,
826 3416 971 3502 pavidae
993 3433 1056 3485 ceu
1078 3434 1157 3485 rurs
1180 3413 1353 3500 capellae,

560 3537 670 3614 Quum
692 3538 803 3606 subito
825 3542 940 3624 pastor
962 3539 1104 3625 fulguris
1127 3540 1207 3624 igne
1230 3538 1330 3606 cadit

474 3663 547 3728 Ah!
572 3680 652 3742 vos,
677 3663 853 3748 Aligernm
876 3667 1013 3749 coetum,
1037 3666 1096 3752 qui
1117 3664 1263 3733 nubibus
1284 3662 1363 3731 altis

561 3787 688 3856 Anatis
708 3787 813 3869 solio,
837 3807 903 3875 quo
924 3787 1021 3858 sedet
1042 3789 1286 3878 Omnipotens,

473 3910 533 3978 itia
555 3909 665 3994 agite,
688 3927 885 3995 aequaevae
907 3929 968 3979 vos
990 3929 1010 3979 ฮฟ
1031 3912 1219 3980 succurrite
1241 3910 1353 3990 Proli,

384 4038 429 4102 20
561 4035 677 4119 Tuque
699 4033 804 4116 adsis,
828 4035 990 4120 Michael,
1014 4037 1072 4122 qui
1095 4037 1207 4122 praeis
1228 4035 1441 4122 agminibus,

474 4159 537 4234 Qui
561 4161 727 4227 moestum
750 4159 973 4246 attritumque
1001 4161 1075 4246 pius
1096 4161 1216 4229 solaris
1236 4161 1280 4228 ad
1303 4161 1462 4243 hortum,

560 4285 670 4360 Quum
692 4284 799 4367 gnrttis
820 4288 913 4352 rorat
934 4285 1094 4369 gramina
1116 4263 1301 4372 purpureis.

475 4406 648 4474 Fratribus
669 4407 734 4476 hoc
759 4407 845 4474 binis
868 4407 1083 4492 praedixerat
1106 4427 1166 4479 ore
1192 4410 1354 4494 Magister

561 4531 729 4612 Fatidico,
754 4533 864 4599 mater
886 4549 988 4618 quum
1013 4549 1112 4618 prece
1135 4533 1278 4601 sollicita
