3576 5376
717 429 724 440 ’
811 465 924 519 vernn
1405 457 1470 522 407

379 593 433 660 lde
452 592 536 670 'Pius
558 591 624 661 huc
646 592 771 660 mittit:
794 595 918 676 subeo,
940 594 999 662 sed
1021 595 1148 663 viribus
1169 597 1298 684 impar;

466 718 618 805 Septimii
640 718 750 787 cinxit
770 723 890 788 sancta
912 720 1000 788 tiara
1020 725 1131 807 caput

380 843 433 911 Me
456 843 616 925 Romam,
641 841 817 927 Marcelle,
842 861 947 910 voca:
969 843 998 910 si
1021 843 1168 912 viximus
1189 845 1296 928 Aesii,

465 968 634 1050 Membra,
657 985 794 1054 precor,
819 966 946 1054 templo
969 967 1115 1036 condere
1137 987 1234 1054 posse
1257 971 1326 1038 tuo.

379 1089 442 1158 Hic
464 1094 583 1177 pater,
606 1091 662 1161 hic
683 1094 794 1161 mater
816 1093 940 1160 dormit
970 1092 1159 1180 fratresque
1182 1093 1335 1181 meique:

425 1215 486 1282 Hic
509 1217 648 1285 tandem
670 1235 747 1285 cum
770 1215 836 1285 illis
858 1215 987 1285 excitet
1007 1235 1082 1285 ossa
1105 1220 1195 1286 tuba.

848 1467 894 1532 VI

686 1727 733 1779 AD
756 1726 972 1780 onneomvm
998 1727 1064 1778 xvi

274 1853 464 1905 VILLVLAM
486 1853 662 1904 annuunt
684 1852 852 1904 ooutnen
874 1851 1060 1904 nezanum
1090 1853 1229 1904 muttum
1253 1825 1475 1904 mwsuurnlt

381 2089 448 2170 Te,
472 2085 668 2155 venerande
692 2088 842 2168 Parem,
867 2088 989 2154 exacto
1011 2086 1066 2154 hic
1091 2085 1234 2156 vidimus
1255 2098 1364 2169 anno,
1426 2159 1428 2164 ,

354 2201 359 2212 ’
468 2212 532 2280 Hic
553 2211 649 2280 licuit
669 2213 789 2280 sancto
812 2211 911 2280 basia
933 2211 1022 2280 ferre
1045 2213 1132 2299 pedi.
1341 2181 1349 2196 “

382 2336 451 2405 Nos
472 2336 595 2405 iterum
619 2334 727 2402 facilis
749 2352 819 2402 non
841 2334 1056 2421 dedignaris,
1086 2338 1123 2404 et
1145 2337 1234 2404 ultro

470 2460 664 2548 ingrederis
685 2480 829 2548 parvum
850 2461 1019 2529 maximus
1041 2463 1233 2549 hospitium.

383 2588 436 2655 Sic
458 2587 562 2672 Dens,
585 2605 606 2655 o
629 2589 740 2670 Bone,
763 2591 797 2656 te
820 2589 955 2669 servet,
991 2588 1039 2656 sic
1061 2588 1212 2674 quolibet
1232 2606 1324 2657 anno

472 2714 617 2782 Devotos
637 2713 774 2799 placeat
796 2712 905 2782 visere
928 2714 1118 2784 Nazaridas.

842 2964 905 3031 VII

382 3230 538 3282 ANTONIO
561 3229 691 3282 BENED.
715 3229 934 3283 inconvocio
955 3228 1057 3281 clun.
1082 3231 1188 3283 numu.
1212 3231 1374 3284 ANCONIT.

341 3337 481 3389 AVOE'OR
510 3337 665 3389 ELEGIAS
694 3339 740 3388 DE
764 3339 880 3388 numu
911 3335 1149 3390 Puknonnnrn
1176 3338 1269 3390 DONO
1292 3339 1411 3390 Mirm·

386 3573 499 3654 Hunc,
522 3571 604 3638 licet
626 3569 804 3656 exiguum,
835 3567 936 3635 tinxit
957 3585 1058 3654 quem
1081 3589 1177 3640 musa
1198 3572 1369 3657 libellum,
1450 3641 1454 3650 ,

471 3698 567 3764 Musa
587 3715 710 3782 aegros
732 3693 863 3764 blandis
883 3697 968 3782 apta
990 3694 1109 3764 levare
1131 3698 1261 3782 modis,

386 3824 533 3909 Accipe,
564 3823 644 3889 dnm
667 3821 804 3889 tumidis
824 3821 997 3905 agitatum
1018 3819 1174 3890 ductibus
1195 3841 1323 3909 aequor

472 3946 661 4030 Omrimus,
683 3949 720 4016 et
742 3946 884 4031 cymbae
907 3963 978 4013 non
1001 3945 1101 4014 datur
1122 3945 1192 4016 ulla
1213 3949 1317 4034 quies

387 4077 498 4163 Atque
521 4075 653 4144 utinam
676 4075 826 4144 numeris
847 4076 982 4142 tanturn
1004 4075 1132 4143 solarer
1154 4075 1322 4155 amicum,

474 4201 581 4277 Quem
603 4199 728 4267 dudum
750 4203 850 4284 grato
874 4199 991 4268 fenore
1013 4200 1125 4266 iunxit
1147 4199 1262 4267 amor!

388 4327 496 4408 Nam,
529 4329 643 4408 Bone,
667 4326 704 4393 tu
728 4343 861 4394 recreas
882 4325 965 4392 duro
987 4343 1042 4392 me
1064 4343 1201 4392 carcere
1224 4324 1397 4409 vinctum,

473 4455 535 4521 Tot
558 4451 649 4520 mala
671 4470 774 4538 quum
797 4456 1013 4538 premerent,
1037 4450 1134 4519 dulce
1159 4451 1315 4519 levamen
1337 4467 1433 4518 eras:
