3564 5376
313 692 319 698 ’
429 651 1218 862 Micfluunuuues
1312 775 1317 783 ·

586 1333 750 1418 LIBER
779 1334 1064 1420 SECVNDVS
1121 1461 1122 1464 Ν

692 2066 952 2137 inciuilius

259 2229 394 2277 Amnrldaeua
408 2243 421 2277 c
436 2243 526 2290 corpora
541 2230 639 2286 iuvenis,
655 2231 739 2278 virtuts
754 2231 880 2288 Michaelis,
905 2232 1001 2290 stactus,
1026 2231 1124 2280 &tanae
1139 2243 1186 2278 rem
1202 2243 1289 2278 omnam
1304 2229 1384 2290 apelii.

320 2311 362 2357 Hic
378 2311 447 2357 variis
461 2310 576 2358 incudibus
591 2323 646 2369 opus
661 2313 737 2370 templi
753 2311 829 2358 enudat
843 2312 973 2369 deturbare,
994 2312 1032 2360 sal
1048 2311 1139 2359 mustum
1155 2310 1253 2359 Tandem
1268 2311 1385 2358 concilium

320 2403 370 2437 cum
386 2391 433 2438 scis
449 2391 506 2446 init;
521 2391 573 2438 hinc
589 2392 686 2438 maxima
701 2393 823 2451 tempestas
837 2393 915 2440 oritur.
931 2391 1026 2452 Opillcas
1036 2393 1132 2449 Gargani
1148 2391 1279 2449 diffugiunt,
1295 2392 1334 2439 sed
1349 2404 1385 2439 ac·

321 2471 390 2517 currit
404 2471 538 2531 Episcopus,
555 2471 617 2518 dolos
632 2472 746 2519 daemonis
761 2473 853 2531 pandit,
869 2475 893 2520 ct
903 2473 931 2519 ad
942 2485 998 2531 opus
1012 2472 1182 2520 instaurandum
1192 2473 1310 2530 compellit
1326 2473 1386 2520 lute-

321 2553 362 2598 n'm
377 2551 503 2610 demortuo,
519 2552 566 2598 ictu
582 2551 693 2609 inimicia,
709 2553 782 2612 opacis
796 2553 929 2610 architecto,
946 2554 994 2600 eius
1007 2552 1067 2600 illius
1082 2553 1196 2600 cumcun.
1214 2552 1316 2609 Pmdiglu
1332 2545 1386 2599 (lun-

320 2633 370 2688 suni
388 2633 489 2680 Pontitlci
505 2633 602 2679 Muimo
618 2631 712 2680 Romam
726 2631 869 2691 deteruntur,
893 2635 931 2693 qui
955 2633 1027 2681 eidem
1050 2635 1140 2681 caelesti
1163 2633 1261 2692 Piincipi
1284 2635 1308 2679 in
1331 2633 1385 2679 urba

319 2715 425 2772 tantplum
440 2715 587 2761 eximendum
601 2715 630 2761 al
646 2715 728 2761 circum
744 2715 888 2762 neronianum
903 2717 974 2762 curat
991 2715 1022 2762 At
1038 2714 1120 2773 Satan,
1145 2717 1171 2762 nt
1186 2727 1241 2773 opus
1263 2714 1386 2774 impediat,

318 2791 389 2840 timu
406 2793 464 2839 luem
480 2793 504 2838 in
515 2793 591 2840 urbem
606 2793 717 2840 immittit.
728 2792 835 2851 Michaal‚
852 2807 903 2840 cum
918 2794 1022 2840 solemnis
1032 2793 1164 2852 supplicatio
1174 2795 1244 2848 essct,
1261 2792 1284 2838 in
1301 2803 1387 2838 summe

319 2870 378 2916 arcis
394 2869 521 2916 Hmnanae
536 2873 636 2930 apparet
652 2871 731 2918 (lassat
746 2872 822 2930 pestis.
839 2871 872 2918 lbi
889 2873 994 2919 sacellum
1009 2871 1042 2917 illi
1055 2871 1171 2920 statuitur.
1187 2872 1248 2918 Haec
1263 2871 1321 2917 inter
1336 2871 1386 2929 pius

319 2950 409 3008 qulam
425 2950 503 3008 tomo,
518 2951 655 2999 eremiticam
670 2953 740 3000 vitum
755 2952 837 3000 ducens
853 2965 920 3012 prope
935 2953 1069 3011 Ianiculum,
1085 2952 1140 2999 dicit
1149 2965 1207 3012 quaa
1221 2952 1296 2998 tunica
1311 2955 1386 2998 meent

319 3032 376 3078 bono
392 3033 464 3091 urbis,
486 3033 608 3092 petroccio
624 3035 648 3080 at
663 3034 751 3080 nominc
767 3033 790 3080 S.
806 3033 928 3081 Michaelis
949 3035 1013 3081 Illius
1028 3034 1165 3081 sermonibus
1188 3032 1284 3092 Quirites
1300 3034 1384 3080 milam·

319 3114 373 3160 mati
394 3115 478 3174 templa
494 3115 639 3162 michaelium
655 3115 679 3162 in
695 3127 780 3162 summo
799 3113 856 3162 circi
871 3115 992 3174 expediunt
1007 3117 1031 3163 ct
1046 3115 1170 3175 periclum,

414 3411 551 3478 Interea
574 3409 737 3480 frendens
758 3413 854 3497 pueri
876 3411 935 3480 vix
958 3428 1099 3498 corpora
1121 3411 1219 3498 liquit

326 3535 552 3618 Asmodaens‚
575 3533 713 3624 aditque
735 3523 829 3606 atras
850 3537 978 3605 invitus
999 3537 1157 3623 abyssos,

327 3662 465 3730 Inierno
487 3663 560 3747 regi
582 3663 733 3748 Gargani
758 3663 849 3732 facta
870 3664 1016 3747 retexit,

325 3788 562 3874 Arcanumque
584 3804 722 3874 specum
745 3791 781 3857 et
803 3789 920 3875 magni
942 3788 1116 3857 Michaelis
1139 3789 1304 3873 honores,

257 3917 280 3981 5
324 3914 436 3982 Hostis
459 3916 494 3981 et
515 3914 669 3982 infensus
689 3931 778 4002 quae
801 3933 893 3982 nunc
916 3933 1007 3983 nova
1028 3915 1119 3984 bella
1140 3916 1299 3985 minatur.

326 4038 505 4107 Intremuit
525 4039 651 4123 Satan,
676 4039 837 4126 furiisque
859 4040 1057 4126 ingentibus
1078 4043 1196 4126 actus,

325 4164 433 4232 Multa
455 4181 615 4247 movens,
637 4164 701 4232 alit
722 4165 902 4252 antiquum
924 4168 986 4234 sub
1008 4167 1110 4236 corde
1132 4166 1293 4235 dolorem.

324 4292 409 4360 lium
431 4290 535 4360 vaniis
556 4309 697 4379 operum
720 4292 848 4380 coeptis
868 4295 983 4362 studet
1005 4294 1151 4380 impigra
1172 4293 1290 4381 Sipus,

324 4418 401 4485 Otia
423 4419 519 4498 tuta,
545 4417 704 4506 fovetque
726 4419 800 4506 pios
820 4435 888 4508 pax
909 4419 1001 4488 alme
1023 4419 1176 4504 labores,

235 4542 278 4609 10
322 4540 565 4626 Parthenopen
587 4541 694 4610 mittit
715 4543 854 4628 Dagon,
877 4559 1061 4630 regemque
1084 4541 1271 4610 Gothorum
