3564 5376
370 527 413 593 34
842 546 1105 601 urcuuunuruos

477 675 620 744 Exacuit
643 675 750 758 bello,
774 677 909 745 veteres
930 681 967 746 et
983 679 1128 748 suscitat
1148 679 1256 766 ignes

477 804 687 874 Horrendam
710 803 767 872 ille
790 795 884 872 erebi
906 805 1049 873 sormam
1071 806 1260 893 faciemque
1282 808 1438 894 reponit,

475 931 691 1000 Barbaricum
713 931 817 998 vestit
838 931 990 998 tunicam
1022 935 1058 1000 et
1089 933 1321 1018 praecingitur
1342 934 1465 1016 armis,

473 1057 731 1142 Dissimulatque
753 1055 894 1138 ducem,
917 1057 991 1143 regi
1014 1057 1071 1146 qui
1093 1059 1204 1126 carior
1226 1077 1314 1128 unus

385 1186 427 1252 15
469 1185 591 1252 Suetus
612 1186 688 1252 erat
709 1186 809 1252 coetu
830 1183 932 1252 acciri
964 1187 1001 1253 et
1021 1186 1226 1271 praecedere
1261 1189 1407 1276 turmas,

470 1309 725 1398 Compellatque
748 1312 879 1378 virum:
903 1315 1070 1380 memorat
1090 1313 1234 1400 Sipunta
1254 1312 1430 1394 relictam,

470 1440 621 1510 Adverso
644 1440 770 1509 nactos
791 1439 899 1523 bello,
922 1443 1111 1528 gentesque
1134 1441 1321 1510 Gothorum

465 1567 623 1654 Turpiter
643 1567 771 1636 eiectas
793 1569 829 1635 ct
850 1569 963 1637 castra
984 1569 1022 1636 et
1044 1586 1170 1636 nomen
1193 1567 1349 1636 inultum.

464 1695 597 1763 Cuncta
619 1693 754 1775 lavent3
778 1693 924 1763 cernint
946 1713 1092 1763 vacuam
1114 1711 1206 1763 nunc
1229 1694 1359 1762 civibus
1380 1695 1519 1774 urbem,

375 1820 420 1888 20
463 1820 605 1888 Naviter
626 1820 770 1888 intentis
792 1820 906 1906 operi,
929 1838 1021 1889 nunc
1043 1821 1187 1889 subdere
1210 1821 1299 1889 terro

463 1943 724 2027 Incustoditam,
749 1942 838 2011 taciti
860 1944 1071 2027 certamine,
1096 1945 1267 2030 praestat,

461 2068 581 2138 Illcisd
604 2070 763 2154 acceptas
784 2067 898 2136 clades
919 2071 1022 2156 atque
1045 2086 1124 2136 arce
1147 2069 1259 2154 potiri.

461 2195 532 2262 Nec
554 2210 669 2275 mora,
693 2191 861 2260 bellantes
882 2196 1028 2276 coeunt,
1051 2211 1112 2261 rex
1134 2192 1274 2261 instruit
1294 2209 1420 2278 agmen

459 2319 628 2386 Barbarus
650 2320 686 2386 et
704 2317 795 2384 vallo
817 2317 969 2404 Gargani
992 2318 1143 2386 culmina
1164 2318 1282 2404 cingit

370 2442 414 2510 25
545 2442 658 2510 Securi
681 2443 773 2528 pacis
795 2440 926 2527 studio,
949 2442 1106 2511 nectale
1130 2441 1314 2526 timentes,

456 2563 634 2653 Extemplo
656 2566 784 2635 turbati
807 2566 930 2634 animis
952 2565 1141 2652 trepidique
1162 2585 1289 2653 pavore

455 2693 623 2780 sipontini
646 2693 776 2761 adeunt
798 2695 935 2760 Patrem
958 2695 994 2761 et
1016 2691 1179 2762 mandata
1200 2695 1391 2780 reposcunt

454 2820 552 2887 Haud
574 2819 706 2887 latuere
728 2817 817 2900 doli,
840 2819 943 2904 atque
965 2817 1091 2887 inferni
1113 2818 1275 2905 principis
1296 2821 1406 2899 astus;

453 2944 615 3013 Actutum
638 2945 719 3012 dare
742 2944 813 3012 tela
834 2943 996 3029 iubetque
1017 2943 1183 3031 repellere
1207 2944 1276 3012 vim
1299 2945 1343 3012 vi.

363 3071 407 3136 30
449 3072 494 3140 At
515 3069 589 3155 pius
610 3069 753 3138 antistes
773 3087 928 3154 sacrum,
963 3070 1017 3136 cui
1039 3071 1209 3156 praesidet
1230 3073 1371 3138 antrum

450 3196 524 3262 Dux
546 3212 727 3281 superum,
751 3194 858 3280 petit,
882 3197 918 3262 et
940 3194 1089 3264 lacrimis
1110 3197 1231 3264 exorat
1252 3196 1378 3264 obortis

448 3320 512 3403 Te,
536 3319 698 3400 Michael‚
723 3337 883 3406 properes
904 3319 1006 3387 caelis
1027 3319 1184 3406 delapsus
1206 3319 1249 3388 ab
1271 3319 1351 3388 altis

448 3445 622 3513 Auxilium
645 3444 734 3513 terre
757 3447 793 3513 et
815 3444 913 3512 tluxis
934 3463 1112 3514 occurrere
1134 3446 1243 3514 rebus.

392 3647 401 3666 ο
446 3571 490 3638 Ut
513 3573 622 3640 Moses
642 3571 798 3656 geminas
819 3570 962 3657 supplex
983 3571 1028 3639 ad
1049 3571 1162 3640 sidera
1183 3571 1313 3657 palmas

357 3698 401 3762 25
444 3698 530 3764 uun
553 3696 641 3764 tollit
664 3695 843 3782 tunditque
864 3715 1002 3783 preces,
1026 3697 1162 3766 hostilia
1183 3698 1306 3784 passim

445 3822 594 3906 Agmina
614 3824 816 3891 sternuntur
837 3822 1012 3909 victorque
1034 3823 1167 3892 exultat
1189 3824 1308 3906 Iudas3

443 3948 497 4015 Sic
519 3948 703 4034 sipontinis
725 3947 880 4033 graditur
900 3949 1044 4018 victoria
1066 3950 1193 4018 cestris.

442 4075 594 4159 Namque
618 4071 753 4156 lerunt,
777 4073 867 4142 vises
887 4074 996 4141 altum
1018 4074 1206 4160 perinane
1228 4074 1383 4142 catervas

439 4197 632 4267 Bellantem
654 4197 858 4284 clypeosque
879 4216 1004 4283 graves
1024 4199 1205 4286 hastasque
1228 4200 1423 4267 tremendas

350 4323 394 4386 40
437 4321 686 4408 currentesque
710 4323 843 4410 equites
863 4323 951 4391 hosti
975 4323 1213 4392 minitantibus
1234 4324 1346 4392 armis.

437 4450 480 4515 Et
501 4447 604 4517 caelis
625 4449 724 4536 ignes
746 4451 876 4519 tonitru
898 4449 1046 4520 micuere
1069 4451 1236 4538 profundo

435 4575 580 4642 Luctum
601 4575 815 4645 intentantes
835 4577 981 4662 gothicis
1004 4579 1041 4645 et
1062 4575 1185 4648 itinera
1206 4577 1336 4646 turmis
