3576 5376
323 551 389 616 392
873 563 987 614 vanna

519 692 612 758 Haec
634 691 712 772 tibi,
735 690 956 776 quantumvis
977 689 1178 773 ditissimus,
1202 689 1334 758 invidet
1357 691 1497 774 anglus

431 816 559 884 Abnuit
580 815 669 884 acris
690 815 816 899 trienne,
840 815 998 884 convivm
1021 833 1148 900 magna
1171 816 1378 900 reposcunt:

430 943 518 1026 Ergo
540 942 734 1009 conduntur
756 940 954 1009 fabrefactis
974 940 1107 1009 semina
1129 939 1302 1024 claustris,

427 1069 514 1136 Hinc
537 1067 664 1154 paries,
689 1067 770 1134 binc
792 1067 882 1133 vitra
904 1068 1045 1152 tegunt,
1070 1066 1128 1134 lux
1151 1067 1243 1134 alma
1266 1070 1427 1152 penetrat
1552 1121 1562 1138 .

341 1196 385 1262 eo
430 1193 611 1262 serenans
632 1193 735 1260 ranis
758 1191 880 1280 (aliar
903 1165 973 1260 lon
996 1191 1068 1260 una
1089 1192 1299 1280 virescent),

428 1319 567 1404 Ignibus
588 1319 760 1387 interdum
779 1337 912 1406 quoque
935 1318 975 1386 nt
998 1317 1193 1386 mitissimus
1214 1337 1276 1386 aer

430 1445 472 1510 st
494 1445 633 1510 teneros
654 1443 773 1528 partus
796 1441 907 1508 fovet:
930 1441 1112 1525 indignata
1132 1443 1191 1510 sed
1207 1440 1289 1510 'arte

429 1565 658 1634 Emendicatis
680 1565 793 1632 aufert
815 1565 940 1632 natura
962 1583 1127 1650 saporem.
1359 1641 1366 1652 ,

516 1693 578 1758 Ast
600 1707 687 1777 quae
711 1689 810 1775 fraga
832 1689 918 1757 meis
939 1689 1077 1757 exculta
1098 1689 1269 1758 laboribus
1292 1692 1419 1760 ornant

341 1817 385 1883 65
430 1815 630 1900 frugalem,
654 1833 674 1882 ο
696 1815 835 1896 Frater,
859 1817 993 1882 maturo
1015 1816 1169 1902 tempore
1191 1833 1331 1899 cenam,

430 1939 549 2007 Dulcia
570 1942 606 2007 et
628 1939 702 2025 ipsa
724 1939 783 2005 tuo
804 1937 950 2005 venient
972 1941 1134 2024 pergrata
1155 1939 1280 2024 palate.

428 2063 498 2132 Illis
519 2063 625 2149 iunge
647 2079 778 2130 merum
801 2078 956 2148 quaeque
979 2061 1092 2129 indica
1115 2063 1227 2148 prodit
1248 2064 1398 2146 arundo,

429 2189 572 2257 Ensecto
594 2186 795 2272 deprompta
816 2185 915 2268 sinu,
939 2187 1124 2254 candentia
1146 2187 1260 2256 melta.
1324 2215 1329 2226 ·

430 2314 506 2382 Non
529 2312 612 2379 mihi
635 2311 839 2398 praetuleris
862 2312 947 2382 ficus
977 2313 1037 2379 aut
1059 2311 1192 2398 persica
1215 2312 1307 2381 mala

340 2442 384 2507 70
429 2442 626 2524 Prunaque,
650 2437 786 2505 devicta
807 2438 862 2504 vel
887 2454 970 2523 quas
992 2436 1180 2507 Cerasunte
1204 2437 1336 2507 ferebat

429 2561 587 2630 Lucullus
610 2562 749 2643 baccas,
773 2561 847 2629 sive
869 2561 1084 2630 autumnalia
1104 2579 1224 2648 poma:

430 2685 559 2755 Nucleo
581 2685 675 2754 enim
696 2684 792 2754 labor
814 2685 867 2753 est
888 2685 928 2752 ut
949 2683 1034 2751 duro
1056 2688 1093 2753 et
1113 2685 1239 2754 cortice
1261 2705 1396 2772 purges

430 2810 606 2878 Extollunt
629 2809 687 2878 alii
709 2808 859 2896 grandes
881 2826 926 2876 ex
946 2810 1068 2877 arbore
1092 2813 1209 2892 natos3

430 2939 515 3018 voe,
539 2934 684 3002 humiles
705 2933 795 3002 fetus
816 2935 853 3002 et
874 2932 968 3001 humi
991 2935 1171 3002 nascentia
1194 2935 1309 3022 fraga,

342 3063 386 3128 75
428 3063 503 3146 Ipse
525 3077 667 3141 canam,
690 3076 751 3125 vos
772 3057 844 3143 ipse
866 3075 996 3141 seram,
1020 3076 1081 3125 vos
1103 3057 1241 3126 flumine
1264 3077 1422 3146 spargam

429 3185 575 3270 irriguo,
599 3187 636 3251 et
657 3184 772 3251 vestro
794 3183 973 3250 cumulabo
997 3200 1139 3251 munere
1162 3201 1334 3252 mensam:

429 3309 533 3378 Mella
553 3325 691 3395 sapore,
714 3325 808 3376 rosas
828 3307 948 3375 afflatu
970 3308 1085 3376 suavis
1106 3307 1218 3376 odona

431 3433 577 3503 Vincitis
605 3435 641 3501 et
664 3435 768 3500 rubeo
790 3431 1006 3500 flammantes
1028 3449 1087 3500 ore
1110 3451 1277 3519 pyropos:

428 3564 497 3629 Vos
519 3560 601 3626 mihi
624 3558 777 3643 gustanti
801 3558 932 3644 rapitur
955 3575 1070 3642 mens,
1093 3558 1232 3645 altaque
1255 3559 1363 3625 virtus

342 3688 386 3753 80
430 3685 586 3753 Numinis
608 3683 768 3768 effulget,
791 3701 879 3768 quae
902 3701 1009 3769 parvo
1032 3683 1067 3749 in
1091 3684 1247 3768 germine
1271 3687 1403 3751 tantam

430 3809 574 3877 Immisit
595 3808 759 3894 speciem,
786 3809 885 3876 buta
908 3810 944 3874 et
966 3807 1146 3875 dulcedine
1170 3807 1264 3876 fudit

432 3937 471 4002 In
493 3933 589 4000 tenui
613 3933 773 4016 portenta
794 3931 854 3998 Dei
878 3929 1033 3998 miranda
1055 3935 1244 4016 patescunt.

432 4061 502 4125 Nec
525 4056 608 4123 mihi
629 4055 887 4142 magnanimum
910 4057 1128 4140 quassantem
1150 4059 1250 4142 terga
1271 4057 1406 4125 leonem

430 4183 589 4250 ostentes
617 4177 790 4264 saltusque
813 4177 1012 4263 implentem
1036 4179 1174 4246 vocibus
1194 4179 1291 4262 altio,

342 4313 386 4379 85
430 4309 506 4375 Non
527 4305 654 4391 agilem
676 4304 713 4371 in
735 4303 829 4371 silvis
851 4304 1021 4372 maculoso
1044 4305 1180 4387 tergore
1203 4305 1318 4390 tigrim

429 4437 497 4502 Aut
519 4431 644 4518 rapidis
665 4430 815 4517 aquilam
839 4430 961 4516 pennis
984 4447 1045 4516 per
1063 4430 1167 4496 inane
1192 4430 1387 4499 volantem:

429 4559 586 4627 admiror
607 4556 724 4644 paleas
745 4559 986 4642 properantem
1010 4556 1215 4624 abscondere
1238 4576 1364 4642 quercu

428 4685 618 4753 Formicam
649 4685 770 4750 tenues
791 4684 828 4750 et
849 4700 953 4768 apum
986 4680 1159 4766 cellaeque
1181 4682 1322 4748 labores
