3472 5360
320 531 380 595 150
802 543 1040 596 nnurnnnrbos

423 671 465 739 Et
486 689 643 758 proceres
666 672 779 760 populi
801 676 838 742 et
858 675 916 760 qui
938 675 1049 743 sancti
1071 674 1211 743 seminis
1233 673 1349 740 Aaron

422 797 526 866 Sacra
549 797 681 881 lerunt,
705 798 804 867 laetis
825 800 950 870 animis
972 817 1156 887 omnesque
1180 799 1291 885 parati

423 927 562 1012 Optatos
584 926 721 995 rediisse
743 925 833 1010 vias,
869 927 1062 1016 pariterque
1085 927 1279 996 canebant:

311 1051 378 1116 585
422 1049 531 1126 Quum
555 1051 623 1118 iam
645 1053 770 1138 captivi
795 1052 966 1138 solymam
988 1071 1182 1122 remeamus
1203 1050 1247 1120 ad
1269 1051 1410 1130 urbem,

423 1175 593 1262 Incipiunt
614 1195 738 1264 aegras
758 1177 965 1264 perfundere
979 1178 1105 1264 gaudia
1129 1179 1279 1256 mentes,

422 1303 464 1368 Et
486 1301 611 1387 linguis
632 1303 824 1390 animisque
847 1321 917 1373 una
938 1305 1103 1389 gestimus
1125 1305 1278 1372 ovantes.

423 1429 528 1496 Fama
550 1427 657 1498 relert
679 1429 747 1498 late
780 1429 911 1516 populis
933 1447 1035 1515 quam
1057 1428 1203 1515 pandis
1225 1427 1327 1496 Iudae
1452 1449 1460 1462 ‘

426 1554 569 1622 Munera
591 1554 802 1641 praestiterit
823 1557 922 1624 Deus.
954 1555 999 1624 Ut
1020 1554 1227 1641 spirantibus
1248 1552 1373 1621 austris

312 1681 378 1746 590
422 1679 629 1766 Praerapido
652 1682 787 1749 torrens
808 1699 910 1750 eursu
932 1681 1073 1750 festinat
1095 1682 1132 1748 in
1155 1680 1278 1762 altum,

424 1807 498 1890 Sic,
521 1807 606 1875 duee
630 1809 686 1889 te,
712 1810 845 1876 nostras
866 1826 1087 1895 properamus
1108 1808 1219 1876 visere
1241 1807 1347 1875 sedes

425 1932 487 2009 Qui
509 1932 641 2019 spargit
663 1931 846 2002 lacrimans
867 1951 925 2002 sue
950 1933 1103 2015 semina,
1127 1936 1265 2020 pectore
1288 1931 1377 1999 laeto

427 2056 486 2125 Ille
510 2058 629 2139 metit;
653 2056 775 2126 tientes
796 2059 982 2126 credebant
1003 2059 1134 2128 semina
1157 2061 1291 2138 terrae,

425 2183 490 2252 Sed
513 2184 665 2254 reserent
688 2184 787 2253 hilari
811 2185 994 2254 redeuntes
1015 2185 1115 2254 eorde
1151 2183 1326 2270 maniplos

316 2310 382 2376 595
426 2309 480 2378 Sic
501 2327 616 2379 sacros
637 2309 794 2380 recolunt
816 2329 985 2380 numeros.
1014 2313 1086 2379 Iam
1108 2310 1208 2378 dorsa
1230 2307 1350 2389 cameli

425 2434 614 2502 subiiciunt
635 2435 773 2520 opibus,
805 2435 997 2523 docilesque
1020 2438 1209 2504 onerantur
1231 2433 1350 2517 aselli,

427 2560 565 2646 Ingradi
587 2560 653 2628 iter
676 2561 743 2629 iam
766 2561 871 2648 gestit
892 2579 1019 2649 equus:
1044 2559 1305 2647 peragrantibus
1327 2560 1381 2626 est
1404 2574 1501 2626 mens

427 2685 503 2753 Una
525 2685 756 2754 Palaestinam
779 2685 918 2754 Daniele
941 2685 1052 2755 redire
1075 2686 1247 2771 magistro.

428 2809 515 2877 Urbe
538 2813 642 2878 ruunt
664 2812 754 2892 lota,
780 2811 916 2880 fervent
938 2810 1164 2897 migrantibus
1185 2827 1292 2890 arva,
1384 2855 1387 2868 ,

314 2937 379 3001 600
425 2935 537 3020 thue
560 2953 672 3004 comes
695 2935 814 3003 Daniel
836 2936 999 3021 iungatur
1023 2936 1171 3022 pluribus
1193 2936 1303 3003 orant

425 3059 487 3126 Hie
509 3060 574 3128 soit
595 3060 674 3147 quid
697 3059 860 3146 placitum
883 3063 1032 3147 superis;
1055 3063 1092 3129 et
1114 3063 1253 3146 pectora
1275 3057 1431 3145 quamvis

426 3185 498 3252 Urit
521 3202 617 3253 amor
639 3185 790 3270 patriae,
815 3185 923 3254 maior
946 3203 1067 3272 parere
1090 3182 1236 3254 Tonanti

424 3309 513 3377 Cura
534 3309 650 3390 sedet,
674 3309 848 3395 volvitque
869 3309 986 3378 animo
1000 3329 1069 3397 qua
1091 3309 1195 3396 pessit
1218 3308 1261 3376 ab
1284 3307 1368 3375 urbe

426 3434 545 3520 Regali
569 3435 724 3521 prodesse
746 3435 832 3519 suis,
856 3435 900 3503 ab
922 3452 1004 3520 rege
1026 3434 1203 3504 secundus.

317 3564 382 3627 605
426 3559 542 3628 lluleia
563 3561 621 3628 sed
644 3560 766 3646 populo
789 3560 925 3628 cedenti
947 3559 1074 3646 gaudia
1096 3559 1236 3640 misoet;

426 3685 564 3769 Iamque
586 3684 716 3752 etenim
738 3702 800 3752 rex
822 3683 907 3752 haee
930 3682 1015 3752 edici
1039 3684 1145 3751 verba
1167 3682 1325 3750 iubebat:

513 3809 735 3895 Omnipotens
756 3809 838 3876 mibi
863 3826 972 3893 regna
997 3807 1198 3896 benededit
1220 3805 1336 3876 omnia
1358 3805 1479 3871 terris:

426 3935 470 4000 ,lt
492 3933 636 4020 priscam
657 3932 784 4002 dudum
806 3933 963 4021 Solymae
983 3931 1046 4001 sibi
1070 3930 1212 4000 mandat
1233 3929 1351 3998 haberi

425 4057 533 4133 Quam
555 4057 671 4124 sedem
694 4057 834 4124 incoluit
841 4075 852 4139 3
875 4055 991 4124 divina
1015 4057 1100 4124 haec
1123 4057 1213 4123 iussa
1236 4053 1409 4122 laoemam.

317 4183 382 4248 010
425 4183 513 4265 Ergo
535 4179 686 4266 quisquis
706 4181 803 4250 adest
824 4180 926 4248 Iudae
949 4179 990 4248 de
1012 4181 1165 4262 semine,
1189 4181 1308 4265 oarpat

426 4307 530 4374 'lutus
552 4306 637 4385 iter,
662 4305 690 4374 si
714 4306 803 4374 forte
824 4305 937 4386 lubet,
961 4305 1173 4391 patriamque
1197 4303 1333 4372 revisat.

425 4429 497 4499 lllio
519 4449 646 4516 magna
668 4448 757 4498 novo
779 4432 924 4515 surgunt
954 4429 1127 4498 molimine
1151 4429 1301 4515 templa,

427 4555 514 4622 Nam
538 4557 623 4622 Deus
645 4561 697 4622 est
719 4552 881 4639 Solymis:
911 4554 986 4620 auri
1009 4555 1213 4640 argentique
1237 4553 1369 4622 talenta
