3472 5360
660 554 769 604 ulans
792 553 942 604 TERTIVS

308 681 531 767 Tercentiqne
555 682 618 748 viri
640 683 787 750 subeunt
809 681 1018 766 fulgentibus
1039 679 1164 748 armis:

307 808 375 874 Nec
397 807 539 876 mortale
562 807 688 876 refert:
711 807 939 894 procumbunt
959 806 1087 894 poplite
1108 804 1213 886 dexo,

307 930 380 1006 Qua
401 931 552 1014 vehitur,
576 947 703 1017 pronae
724 933 849 1017 gentes
871 947 1068 1016 numenque
1090 930 1261 997 verentur.

306 1057 479 1124 Postremo
505 1055 576 1124 Beli
599 1055 685 1124 ritus
706 1056 920 1142 complentur
941 1055 986 1122 ad
1008 1071 1094 1122 aras

201 1181 260 1245 170
305 1181 404 1248 Festa
426 1181 512 1249 haec
533 1181 694 1250 Chaldaei
727 1180 807 1250 Belo
830 1183 867 1248 et
888 1179 1029 1249 delubra
1050 1179 1226 1246 dicarent:

302 1308 373 1372 Huc
397 1306 507 1376 iertur
528 1307 638 1402 pietas
659 1306 775 1392 vulgi:
799 1324 864 1374 nec
887 1307 1028 1373 victima
1051 1307 1186 1374 tanturn

304 1431 467 1514 Offertur3
490 1435 543 1499 ter
566 1432 646 1500 bina
667 1432 752 1500 meri
774 1433 834 1502 sed
856 1435 894 1500 et
915 1431 1097 1518 amphora,
1120 1431 1157 1498 et
1178 1427 1262 1513 agni

305 1557 444 1642 Quoque
467 1556 521 1625 die
544 1559 689 1644 quatuor
710 1556 808 1640 doni,
838 1555 1037 1642 similaeque
1058 1555 1228 1624 dabantur

306 1683 484 1752 Mensurae
505 1700 639 1768 quoque
664 1682 841 1752 bissenae:
872 1683 972 1751 vorat
992 1679 1052 1749 illa
1074 1680 1249 1758 sacerdos;

199 1809 260 1873 175
306 1807 393 1874 Nam
416 1809 518 1876 noctu
540 1807 665 1876 tacitus
688 1808 904 1894 tenebrisque
928 1806 1122 1876 faventibus
1144 1805 1265 1874 aedem

307 1935 496 2018 Ingressus,
519 1931 611 2019 rapit
632 1933 739 2018 haec,
762 1935 843 2002 Belo
865 1951 953 2021 quae
977 1932 1107 2003 fercula
1128 1931 1217 2000 mitti

306 2059 510 2130 Credulitas:
535 2061 641 2130 edisse
663 2063 766 2130 deum
787 2061 882 2147 plebs
903 2061 1011 2130 inscia
1032 2062 1134 2128 retur.
1284 2148 1287 2161 Ι

394 2187 498 2272 Regis
518 2190 595 2256 erat
617 2188 763 2282 conviva
783 2189 888 2272 atque
911 2187 1003 2255 inter
1026 2204 1126 2255 carus
1146 2184 1274 2252 amieos

307 2315 457 2381 Iessaeus
479 2313 621 2381 Daniel:
643 2311 711 2380 Cur
733 2330 832 2394 nam,
854 2331 916 2382 rex
938 2311 1065 2398 inquit,
1091 2311 1253 2379 honorem

205 2439 265 2501 180
307 2437 410 2505 Fene
432 2456 540 2522 negas
562 2437 668 2506 Belot
692 2435 825 2506 viventi
847 2455 966 2506 nonne
988 2437 1128 2522 paratur

309 2565 426 2631 Mensa
447 2561 536 2632 deot
559 2565 675 2632 noster
697 2562 866 2632 consumit
887 2581 969 2632 nam
992 2561 1107 2631 omnia
1129 2561 1246 2628 Belus:

307 2685 405 2752 Illum
428 2689 564 2770 egomet
586 2703 734 2756 veneror
757 2705 878 2772 meque
901 2685 950 2753 llli
972 2684 1077 2753 subdo
1099 2683 1275 2751 minorem.

308 2811 362 2879 Nil
386 2811 470 2880 baec
492 2810 584 2879 dicta
604 2815 744 2880 movent
768 2814 901 2895 vatem,
928 2811 1111 2898 paucisque
1133 2807 1318 2896 protatur:-

307 2933 358 3002 No
381 2933 487 3001 fallax
508 2935 560 3016 te,
584 2951 662 3017 rex,
691 2935 806 3020 capiat
826 2951 939 3020 neque
962 2932 1076 3002 inanis
1098 2931 1231 3014 imag0;

202 3059 263 3122 185
307 3059 403 3126 Hanc
425 3058 539 3144 opifex
561 3059 662 3126 tinxit
684 3059 860 3128 manibus:
884 3075 955 3126 non
978 3058 1115 3126 auribus
1135 3054 1249 3137 audit,

308 3186 383 3252 Non
405 3183 510 3252 cerulis
531 3185 659 3268 cernit,
682 3184 868 3270 dapibusve
888 3184 1046 3271 epulatur
1067 3181 1208 3270 opimis:

309 3309 362 3375 Nil
385 3308 467 3390 nisi,
490 3310 613 3390 crede,
636 3309 699 3378 luti
722 3313 776 3378 est
797 3312 899 3395 atque
920 3309 1011 3378 aeris
1033 3307 1156 3377 inutile
1177 3305 1325 3390 signum.

308 3434 381 3518 lpse
405 3433 511 3500 Mum
532 3450 699 3516 veneror,
725 3432 783 3518 qui
806 3435 917 3502 terras
937 3435 1097 3519 astraque
1121 3430 1239 3510 finxit,
1326 3411 1330 3421 ¹

310 3556 531 3642 Omnipotens
553 3557 610 3642 qui
634 3559 759 3626 cuncta
780 3557 888 3644 regit,
912 3558 970 3643 qui
993 3559 1075 3625 vota
1096 3556 1297 3643 precantum

204 3681 265 3747 190
310 3681 458 3766 Accipit,
482 3681 717 3769 evigilansque
741 3682 837 3751 iavet
860 3680 1059 3750 mortalibus
1080 3679 1209 3767 aegris:

311 3805 374 3881 Qui
396 3805 462 3873 ibit
482 3809 680 3890 aeternum,
703 3809 863 3876 aeternos
885 3806 1037 3874 victurus
1058 3805 1096 3873 in
1117 3820 1236 3873 annos.

396 3933 485 4015 argo
507 3931 720 4000 sacerdotum
743 3931 862 4000 Daniel
886 3931 1046 4000 evincere
1075 3929 1211 3998 fraudes

310 4056 536 4141 Aggreditur:
559 4058 655 4126 tenui
679 4058 843 4144 templum
865 4057 956 4126 clam
976 4056 1100 4125 sternit
1122 4073 1230 4124 arena

309 4181 483 4268 Undique:
506 4182 604 4264 dein,
627 4182 747 4268 positis
769 4182 909 4269 dapibus
931 4182 973 4251 de
996 4199 1107 4265 more,
1131 4184 1300 4266 tyrannus

204 4309 264 4373 195
307 4306 473 4391 obsignat
494 4325 633 4393 gemma
656 4310 777 4394 postes.
802 4307 870 4376 Vir
892 4309 1029 4393 postera
1050 4306 1145 4375 caelo
1269 4347 1274 4360 ·

311 4433 442 4498 Aurora
464 4430 610 4514 enituit,
633 4450 694 4502 rex
717 4435 788 4518 ipse
810 4434 958 4500 accurrit
979 4431 1022 4500 ad
1045 4429 1186 4500 aedem:

311 4557 342 4622 lt
364 4553 464 4624 lateri
486 4556 622 4640 Daniel;
644 4555 827 4644 epulasque
850 4561 889 4624 ut
911 4556 996 4626 vidit
1016 4557 1210 4642 ademptas,
