3576 5376
793 731 1028 814 nubem
1055 730 1095 812 V

702 934 861 1003 s1u0n
895 933 1192 1002 ounnnnnvs

450 1512 539 1597 Ergo
562 1530 639 1582 meo
662 1513 793 1582 nullum
815 1514 951 1584 dabitur
972 1514 1125 1584 solamen
1147 1515 1246 1582 lesui

538 1637 683 1706 Arcetur
706 1639 795 1708 Nato
818 1641 929 1708 Mater
944 1641 981 1709 et
1002 1640 1076 1726 ipsa
1096 1639 1179 1709 suoi

449 1764 547 1830 Hunc
568 1782 675 1832 uuum
697 1765 842 1852 pingues
863 1767 1120 1835 circumvenere
1143 1765 1279 1835 iuvenci
1301 1765 1335 1824 (¹)

537 1889 766 1974 uendentes,
789 1893 926 1961 inhians
948 1893 1079 1962 obsidet
1100 1909 1217 1979 ungue
1239 1891 1303 1959 leo.

382 2015 404 2078 5
449 2013 519 2080 Nec
541 2015 718 2083 tamenin
741 2017 848 2087 tantis
868 2019 1054 2104 angoribus
1075 2037 1135 2088 ore
1157 2016 1313 2105 querelas

537 2139 687 2208 Effundit
710 2141 818 2226 mitis,
841 2161 907 2210 nec
929 2143 1017 2230 petit
1037 2161 1143 2230 aeger
1163 2160 1273 2230 opem.

449 2261 492 2329 Et
513 2263 622 2346 tacet,
654 2266 815 2352 abreptus
836 2267 948 2353 plenis
969 2269 1008 2334 ut
1029 2267 1172 2335 ovilibus
1193 2284 1304 2352 agnus
1325 2264 1378 2347 (ἲ),

540 2388 752 2476 Quamquam
775 2390 825 2458 ilii
846 2391 955 2460 culter
976 2391 1091 2460 letifer
1113 2392 1300 2460 immineat

450 2514 522 2580 Iam
544 2513 700 2600 Solymae
722 2517 823 2600 porta
844 2517 994 2601 exierat,
1016 2517 1152 2604 iamque
1174 2535 1259 2586 arva
1282 2514 1439 2597 tenebat,

366 2637 405 2701 10
537 2637 590 2704 Ad
613 2637 686 2708 iera
708 2640 843 2709 Calvari
865 2661 933 2728 qua
955 2644 1037 2728 iuga
1057 2642 1150 2711 ducit
1173 2643 1271 2725 iter,‚

449 2762 534 2830 Cum
555 2765 705 2852 erumpit
726 2784 793 2834 vox
815 2768 887 2836 alta
909 2806 954 2817 —
976 2769 1086 2852 Perit,
1108 2757 1279 2837 succedite
1303 2785 1363 2832 -ε
1387 2763 1494 2851 piebis

536 2889 592 2956 Fit
613 2887 746 2976 fragor,
771 2894 811 2960 ut
831 2893 970 2962 tumidis
992 2911 1096 2980 quum
1118 2911 1214 2962 mare
1237 2894 1349 2959 servet
1371 2890 1476 2975 aquis

450 3013 535 3079 Nam
561 3013 724 3098 tractum,
749 3017 856 3086 tardis
877 3021 914 3086 et
935 3019 1088 3105 passibus
1110 2989 1325 3088 incedentem

537 3138 717 3226 Aspiciuut
739 3141 830 3210 altae
854 3144 1068 3212 succubuisse
1092 3143 1189 3211 trabi.

366 3263 405 3327 15
450 3262 622 3332 Auxilium
644 3269 830 3352 quaeruut,
853 3269 955 3337 veriti
977 3287 1022 3336 ne
1046 3268 1134 3337 torte
1157 3269 1286 3336 iaceret

537 3391 710 3476 Exanguis
733 3393 845 3464 media
867 3394 1096 3481 deiiceretque
1119 3395 1185 3463 via.

447 3515 597 3584 Horrent
619 3517 818 3586 Romulidae
842 3521 1019 3603 truncum,
1043 3522 1187 3589 Iudaeus
1209 3522 1245 3589 et
1267 3517 1401 3598 horret,

536 3638 677 3711 infamis
698 3641 830 3728 refugit
850 3647 995 3730 tangere
1017 3645 1117 3729 signa
1140 3644 1243 3712 necis

448 3762 574 3830 Obvius
596 3781 641 3831 en
663 3765 801 3855 quidam
823 3785 844 3835 e
867 3766 950 3836 villa
971 3767 1176 3852 cognomine
1198 3766 1313 3835 Simon

361 3884 405 3949 20
538 3886 601 3962 Qui
625 3888 778 3974 Solymos
800 3890 869 3958 oris
891 3892 1035 3959 venerat
1058 3911 1078 3961 e
1099 3891 1234 3976 Libycis
1264 3891 1307 3956 (³).

448 4006 547 4073 Hunc
570 4026 723 4093 pressere
744 4011 864 4096 duces,
887 4015 927 4081 ut
950 4029 1050 4097 opem
1074 4010 1163 4080 ieret
1184 4011 1256 4098 ipse
1278 4009 1416 4078 cadenti

539 4129 581 4194 Et
603 4133 735 4213 partem
758 4131 910 4218 ingentis
932 4132 1087 4202 sublevet
1108 4135 1180 4220 ipse
1202 4133 1329 4201 crucis:

450 4252 605 4338 Namque
627 4257 726 4324 aetas
746 4260 885 4327 robusta
907 4259 980 4328 viro
1002 4258 1174 4346 validique
1198 4259 1335 4340 lacerti;
1381 4235 1384 4242 ¹

535 4379 705 4449 Fir-marat
726 4381 850 4468 longus
872 4383 999 4453 rustica
1021 4385 1174 4453 membra
1195 4383 1302 4451 labor.

358 4500 403 4566 25
446 4502 493 4568 At
515 4502 712 4586 Cyrenaeus
735 4509 843 4592 negat
865 4507 929 4576 bac
950 4528 987 4578 se
1010 4509 1099 4577 mole
1122 4508 1259 4594 gravari

536 4629 726 4696 incessum:
750 4635 879 4715 cogunt
900 4633 1042 4700 subdere
1067 4633 1154 4701 colla
1176 4633 1266 4718 iugo.
