3472 5360
325 506 385 572 158
825 519 1022 572 rurssroos

516 647 586 728 Tu,
611 645 692 723 Pie,
715 642 948 713 Christicolum
972 646 1076 712 Pater
1097 645 1132 712 et
1154 643 1365 712 sanctissime
1389 647 1507 712 Pastor

344 773 385 838 10
430 771 540 838 Divini
561 769 677 856 gregis
698 771 735 837 et
756 767 834 836 fidei
857 785 1055 856 morumque
1078 769 1257 854 Magister,

427 896 491 974 Qui
513 895 634 963 merito
657 893 750 961 Petri
773 892 937 961 cathedra
959 893 1105 962 considis
1127 893 1265 974 omem,
1309 915 1314 926 ·

427 1023 619 1088 Romanum
641 1017 705 1085 boc
727 1035 927 1105 sacrumque
950 1017 1011 1086 tibi
1035 1017 1144 1087 bouus
1165 1018 1285 1106 excipe
1313 1035 1463 1087 carmen.

518 1141 691 1231 Esquilias
711 1141 803 1210 inter
824 1141 1019 1228 dictumque
1041 1159 1064 1209 a
1086 1142 1214 1210 vimine
1237 1142 1358 1211 collem

428 1272 530 1339 Vicus
552 1273 645 1350 erat,
670 1267 862 1355 (quondam
884 1267 990 1336 tristis
1010 1267 1106 1338 locus
1126 1267 1255 1337 ossibus
1276 1268 1363 1338 albis

335 1401 382 1464 ι15
426 1399 644 1483 vexatusque
668 1394 765 1476 laris,
797 1398 834 1462 et
856 1407 935 1463 rara
957 1395 1107 1490 mapalia
1129 1393 1243 1482 vulgi)

429 1519 573 1587 Nomine
596 1516 782 1595 Patricius3
806 1515 886 1599 sed,
910 1533 1014 1604 quum
1028 1517 1127 1586 ·Nero
1149 1520 1284 1605 sceptra
1306 1520 1462 1599 teneret,

426 1643 584 1725 Illustris,
616 1659 698 1709 nam
720 1657 848 1726 magna
870 1640 1006 1708 Pudens
1028 1641 1073 1708 ibi
1097 1644 1189 1711 tecta
1211 1643 1353 1711 colebat

428 1769 503 1836 Non
526 1766 581 1833 hic
605 1763 830 1850 mancipium,
853 1763 960 1833 veluti
983 1767 1099 1846 canis,
1124 1767 1272 1848 excubat
1293 1767 1399 1836 arctis

428 1891 481 1958 Ad
504 1891 638 1977 portam
660 1887 858 1957 obstrictum
879 1887 1002 1957 vinclis
1016 1889 1167 1976 duraque
1190 1893 1327 1970 catena,

339 2017 383 2084 20
428 2017 500 2084 Nec
521 2015 616 2102 plebs
637 2017 774 2083 arcetur
796 2031 970 2100 pannosa;
997 2017 1035 2083 at
1055 2015 1176 2084 limina
1197 2017 1308 2104 quivis

428 2142 492 2210 Vel
514 2140 610 2210 tenui
632 2139 674 2208 de
697 2139 795 2226 plebe
817 2139 923 2222 subit,
948 2157 1029 2208 nam
1051 2157 1116 2208 nec
1140 2141 1241 2211 timor
1263 2142 1370 2224 ullus,

425 2266 491 2335 Sed
512 2267 623 2353 pietas
644 2264 740 2333 sedet
764 2266 800 2331 et
823 2263 913 2330 facili
937 2263 1120 2334 clementia
1143 2266 1248 2334 vultu.

426 2394 471 2460 Ut
493 2393 622 2459 Romae
646 2406 823 2476 procerum
847 2407 919 2456 mos
940 2391 1009 2472 est,
1044 2390 1110 2459 huc
1132 2392 1234 2458 turba
1255 2393 1418 2460 clientum

430 2515 564 2598 affluit,
596 2517 633 2582 et
656 2513 744 2583 tanti
768 2516 901 2582 tutatur
923 2513 1071 2583 nominis
1091 2518 1221 2584 umbra.

340 2645 384 2710 25
427 2642 488 2711 1116
511 2643 700 2723 senatores,
724 2639 882 2726 princeps
903 2639 1014 2722 velut,
1038 2641 1169 2710 eminet
1190 2642 1280 2711 iuter

427 2767 573 2836 Consilio
596 2769 633 2834 et
655 2765 800 2833 virtute:
825 2767 965 2834 Petrum
987 2767 1044 2853 qui
1067 2766 1195 2853 primus
1217 2769 1288 2838 eois

429 2893 597 2962 Litoribus
619 2895 762 2961 Romam
785 2891 985 2960 venientem
1008 2897 1193 2978 exceperat
1214 2893 1351 2981 hospes,

428 3024 620 3108 Quemque,
643 3023 784 3090 auctore
808 3023 927 3102 Petro,
951 3020 1099 3090 lustralis
1122 3022 1274 3090 tinxerat
1295 3023 1396 3092 uude.

514 3152 603 3232 Ergo
626 3147 711 3215 baec
733 3146 944 3215 Christiadae
977 3148 1088 3215 securi
1118 3149 1211 3218 tecta
1233 3148 1419 3235 petebant,

341 3279 384 3343 30
430 3276 535 3343 Nocte
560 3275 716 3356 lavante,
739 3273 844 3343 sacris
865 3273 992 3342 intenti
1016 3273 1135 3343 ritibus
1156 3292 1243 3356 una,
1495 3245 1503 3252 ⁵

427 3398 694 3486 Fundebantque
718 3417 854 3486 preces,
884 3399 1000 3467 divino
1022 3399 1077 3467 hic
1100 3419 1240 3487 corpore
1264 3401 1376 3488 pasci:

427 3523 490 3592 Hic
511 3523 605 3591 labes
625 3521 732 3591 animi
756 3521 936 3608 patefactis
958 3525 1093 3607 tergere
1117 3523 1244 3611 culpis;

428 3650 490 3720 Hic
513 3652 655 3732 Petrus,
679 3649 830 3718 insidens
850 3648 936 3718 sella
961 3649 1113 3718 sublimis
1135 3653 1287 3734 eburna,

427 3776 541 3844 Verba
563 3773 690 3842 1616116
713 3774 790 3857 1161,
814 3778 851 3843 61
872 3774 1014 3844 Sanctus
1034 3795 1191 3844 sermone
1214 3777 1348 3846 morari.

340 3902 383 3968 35
516 3903 655 3987 Iamque
678 3899 750 3968 dies
772 3900 921 3970 iucunda
935 3902 1074 3985 aderat,
1100 3920 1167 3991 qua
1188 3901 1340 3972 cbristus
1363 3903 1398 3970 in
1423 3903 1529 3970 altam

428 4029 454 4093 E
477 4026 623 4112 tumulo,
647 4027 765 4096 mortis
787 4026 914 4112 victor,
936 4045 973 4096 se
995 4028 1131 4096 sustulit
1152 4021 1331 4110 aethram3

428 4151 596 4220 Maximus
617 4154 655 4220 61
677 4154 800 4220 Pastor
825 4155 953 4222 Romae
983 4153 1190 4223 solemnibus
1223 4154 1308 4237 aris,

426 4275 561 4344 Scilicet
582 4275 749 4361 occultus,
773 4276 878 4345 festos
900 4275 1065 4346 reddebat
1087 4276 1242 4348 bonores

426 4402 644 4472 conveniunt
667 4403 745 4472 lecti
769 4406 884 4490 patres
904 4403 1086 4491 cletusque
1108 4403 1289 4492 binusque,

340 4531 383 4596 40
428 4528 603 4598 Pontificio
624 4529 724 4599 lateri
747 4531 918 4612 asbntes,
942 4549 962 4598 6
985 4531 1116 4600 semiue
1138 4532 1297 4600 Clemens
1346 4557 1348 4562 ·
