3472 5360
334 517 394 582 196
835 529 1032 582 rnrssroos

435 658 478 725 Et
492 657 598 738 recti,
621 655 679 724 olli
701 658 811 725 omnis
832 659 1001 723 terrarum
1025 655 1185 741 panditur
1207 658 1306 726 orbis

330 781 395 846 395
440 781 513 861 Ne,
538 781 661 862 Patre,
684 778 822 847 delicias
845 777 1018 859 animum,
1041 777 1200 846 fidentior
1221 781 1321 849 undis

436 904 612 972 Mobilibus
634 922 735 990 quam
758 921 836 970 cum
857 903 1031 988 graderis,
1055 921 1198 973 romana
1220 891 1426 990 retrorsum,

435 1030 588 1115 Namque
612 1031 749 1114 egomet
771 1031 906 1108 tecum,
932 1029 1010 1112 pete
1033 1027 1194 1112 moenia,
1218 1047 1282 1098 nec
1308 1031 1380 1100 iera
1402 1033 1494 1116 regis

436 1153 542 1221 Facta
562 1153 665 1237 time,
689 1156 834 1221 mortem
856 1155 977 1220 contra
999 1153 1058 1220 sed
1083 1153 1202 1222 sortior
1224 1155 1283 1224 ito.

435 1278 639 1346 Pontificum
661 1281 735 1363 post
757 1280 792 1346 te
815 1294 1003 1364 regumque
1025 1277 1188 1346 illustrior
1213 1281 1295 1348 ordo

326 1405 391 1470 401)
434 1403 574 1488 Sceptra
594 1403 694 1487 geret
714 1403 827 1488 pacis,
851 1401 960 1468 donec
981 1401 1031 1468 sol
1055 1401 1188 1471 lulserit
1209 1404 1291 1472 orbi.

436 1526 639 1595 caelicolum
662 1525 723 1593 tibi
746 1529 864 1611 partus
885 1524 1012 1606 honos;
1037 1525 1118 1594 hinc
1141 1527 1248 1596 Roma
1270 1549 1391 1598 cruore

314 1679 316 1686 >
346 1735 349 1744 ,
436 1653 557 1720 Tincta
577 1655 636 1719 tuo
657 1653 841 1736 surgatque
864 1653 922 1716 tuo
945 1649 1066 1735 regina
1087 1652 1263 1739 sepulcro:

435 1775 477 1841 ul
497 1776 600 1860 caput
621 1771 701 1840 irinc
723 1771 823 1856 fidei,
847 1789 979 1840 morum
1002 1771 1082 1840 hinc
1104 1775 1277 1844 immobile
1299 1795 1430 1844 saxum.

437 1899 573 1967 Grande
596 1897 847 1984 magisterium,
871 1913 1048 1983 nunquam
1070 1899 1158 1985 qnod
1182 1899 1317 1984 fallere,
1340 1920 1515 1988 nunquam

326 2028 391 2092 405
435 2023 529 2100 Quod
551 2023 677 2109 poterit
700 2022 788 2105 lalli;
811 2023 1031 2109 quantumvis
1052 2023 1215 2092 infremat
1238 2025 1349 2094 omnis

436 2151 615 2230 Tartarus,
638 2151 675 2216 et
697 2148 790 2216 nisus
812 2150 848 2215 et
869 2149 990 2216 inanes
1011 2153 1133 2218 exerat
1154 2151 1231 2218 iras.

436 2276 591 2343 Dixerat:
615 2277 652 2342 et
674 2275 776 2343 nivea
798 2277 998 2361 praereptus
1020 2275 1110 2344 nube
1133 2276 1293 2345 recessit:

438 2403 547 2486 thue
569 2399 681 2469 sciant
701 2400 768 2467 seri
790 2417 904 2467 rerum
927 2399 1012 2468 haec
1034 2400 1191 2468 miranda
1213 2403 1375 2488 nepotes,

437 2529 609 2617 Impressis
630 2547 713 2598 saxo
736 2529 833 2615 liquit
856 2527 1003 2613 vestigia
1025 2527 1160 2614 plantis

328 2657 392 2722 410
437 2655 558 2722 Petrus
578 2651 623 2720 ad
645 2652 730 2719 haec
752 2652 890 2734 haeret3
913 2650 1061 2718 subeunt
1083 2669 1164 2720 nam
1188 2656 1293 2722 verba
1317 2653 1490 2738 Magistri:

437 2779 505 2858 Te,
528 2776 651 2858 Petro,
673 2773 855 2858 cingebas,
879 2773 985 2852 dixit,
1008 2791 1112 2860 quum
1136 2775 1249 2844 iunior
1272 2793 1381 2856 esseS,

436 2899 604 2969 ascalias
626 2900 744 2985 cinget
765 2899 935 2966 seniorem
957 2901 993 2966 et
1015 2901 1116 2984 coget
1137 2899 1232 2969 adire

437 3026 509 3100 Quo
531 3022 637 3104 nolis;
659 3022 781 3090 dextra
802 3027 885 3088 tunc
907 3022 1022 3089 tundit
1043 3025 1204 3107 pectora,
1228 3025 1364 3092 obortas

436 3154 541 3218 Fusus
562 3155 598 3216 et
621 3149 656 3215 in
680 3148 836 3216 lacrimas
857 3149 960 3234 lapidi
984 3153 1124 3216 centum
1147 3149 1262 3216 oscula
1284 3149 1380 3236 tigit,

328 3284 393 3348 415
437 3281 560 3347 Christi
583 3279 638 3346 ubi
660 3277 792 3364 sculpta
814 3278 939 3362 pedum
960 3283 1095 3345 sacrata
1117 3283 1260 3364 apparet
1283 3278 1406 3363 imago.

326 3449 328 3456 ,
437 3409 478 3473 El
500 3423 595 3471 mora
618 3403 730 3484 nulla,
756 3403 846 3470 viam
870 3403 1012 3488 relegit,
1038 3421 1101 3471 nec
1124 3405 1198 3472 dira
1222 3403 1367 3472 Neronis

438 3535 529 3600 iussa
554 3535 702 3598 tremens
725 3528 925 3614 fraudesque
949 3529 1061 3613 Magi,
1085 3533 1154 3596 slat
1176 3530 1269 3606 obire
1292 3529 1441 3597 labores:

437 3657 543 3725 Corde
566 3659 684 3722 manet
707 3653 835 3735 visum
859 3654 950 3722 Crux
972 3658 1009 3723 et
1030 3655 1187 3724 Calvaria
1209 3657 1347 3733 cautes;

436 3782 653 3866 Festinatque
676 3780 745 3847 suis
766 3781 879 3847 alacer
900 3798 936 3849 se
959 3781 1101 3849 reddere
1124 3782 1247 3866 gnatis

329 3913 393 3977 420
527 3911 571 3974 At
592 3924 674 3974 vero
697 3909 734 3974 ul
756 3907 861 3974 Satan
884 3908 1082 3976 Tarsensem
1108 3907 1271 3992 compede
1293 3907 1446 3975 vinctum

440 4037 481 4102 Et
502 4051 645 4101 romana
666 4034 759 4100 videl
782 4032 970 4117 fugientem
995 4034 1130 4102 moenia
1153 4035 1314 4114 Petrum,

439 4163 584 4245 Tempus
605 4158 722 4226 adesse
744 4161 839 4226 ratus
861 4177 927 4244 quo
949 4159 1113 4250 germina,
1129 4158 1255 4227 vellere
1278 4158 1402 4226 Christi

439 4285 489 4351 Sit
512 4283 563 4350 ses
584 4301 603 4350 e
626 4281 745 4366 terris,
769 4281 895 4349 Simoni
918 4282 1000 4350 talia
1024 4281 1138 4350 fatur:

439 4408 524 4486 Quid
548 4425 678 4489 cesses,
703 4407 819 4475 Simul
842 4427 930 4496 quae
952 4426 1015 4475 nos
1038 4408 1175 4476 fortuna
1197 4411 1379 4494 sequatur,

330 4539 394 4604 425
439 4539 509 4602 Tcn
534 4533 643 4602 lalcli
671 4536 833 4619 exoptata
854 4533 926 4600 dios
948 4551 1020 4602 sese
1038 4535 1166 4601 ¹obtulit
1189 4534 1298 4618 ultro,
