3472 5360
321 521 381 588 134
801 531 1040 584 unurnnnmos

335 663 378 727 70
423 660 512 728 Vota
534 659 602 728 Deo
625 677 743 728 sacrae
765 659 823 744 qui
846 662 959 728 custos
981 657 1097 743 Aliger
1120 655 1228 734 urbis,

424 783 652 871 adiungitque
674 783 730 870 pio
753 783 872 852 Daniel
895 801 983 870 quac
1007 781 1119 850 fundit
1140 780 1185 847 ab
1207 795 1283 860 ore;

420 911 635 995 Heroumque
660 927 794 995 preces,
818 912 857 977 ut
879 909 973 978 odori
996 908 1081 976 turis
1103 923 1260 988 acerras,

423 1033 591 1120 Porrigit,
615 1037 652 1101 et
674 1035 770 1102 caelo
792 1037 911 1118 gratas
933 1049 1126 1119 magnoque
1149 1029 1305 1099 Tonanti.

421 1155 481 1223 Ille
503 1156 599 1225 sedet
620 1157 720 1237 solio,
744 1175 862 1224 currus
884 1153 1091 1224 flammantis
1113 1151 1287 1231 adinstar,

333 1283 376 1348 75
421 1280 516 1356 Quod
537 1283 685 1367 quatuor
705 1282 849 1349 sublime
872 1281 956 1350 rotis
978 1299 1039 1366 per
1062 1277 1179 1348 nubila
1201 1279 1338 1345 vectum

420 1405 562 1475 Tollitur
583 1405 731 1475 assimile
752 1406 902 1488 electro;
925 1407 1121 1492 circumque
1143 1421 1313 1491 supraque

421 1532 512 1599 Aera
534 1531 781 1617 perliquidum
803 1531 948 1600 rutilans
974 1531 1161 1599 effunditur
1182 1528 1281 1614 ignia

420 1657 586 1741 Tegmina
606 1675 740 1725 summa
762 1659 886 1725 tenent
908 1656 1010 1738 caeli,
1042 1675 1105 1726 oen
1128 1653 1272 1722 discolor
1294 1671 1393 1720 arcus

420 1781 577 1848 Pinxerit
599 1781 743 1848 adverso
764 1782 925 1866 septenos
945 1780 1017 1848 sole
1040 1779 1178 1848 colores.

333 1907 376 1971 80
420 1906 588 1982 Quattuor
609 1907 779 1993 apparent
801 1905 929 1991 rapidis
950 1905 1114 1975 animalia
1141 1905 1283 1991 pennis3

423 2032 474 2098 Ad
497 2031 654 2100 dextram
678 2031 783 2102 facies
805 2032 968 2114 hominis,
993 2030 1163 2117 faciesque
1185 2030 1315 2111 leonis,

377 2193 383 2202 ·
423 2156 466 2224 Et
488 2155 586 2223 vituli
609 2154 652 2223 ad
674 2156 808 2226 laevam
832 2156 953 2238 lacios,
983 2173 1151 2241 supraque
1174 2155 1347 2224 volucrum

423 2280 577 2367 Reginae
589 2299 598 2361 3
622 2279 805 2366 nimboque
828 2299 928 2366 pares
949 2299 1011 2366 per
1033 2280 1137 2347 inane
1161 2280 1325 2347 seruntur.

324 2463 325 2468 ,
422 2405 475 2473 Sic
496 2407 610 2490 sedet,
638 2410 674 2474 et
697 2409 802 2492 ponto
825 2410 861 2476 et
882 2406 984 2474 terris
1004 2407 1041 2474 et
1063 2405 1208 2472 nubibus
1228 2405 1288 2473 alt'

333 2531 377 2594 85
422 2531 554 2598 Cuncta
574 2530 754 2616 supercilio
777 2533 975 2613 movet,.ct
997 2548 1070 2598 rem
1093 2529 1254 2616 prospicit
1276 2547 1433 2596 omnem:

421 2655 521 2722 Stant
544 2655 671 2724 circum
694 2654 868 2739 Aligernm
890 2657 1023 2738 coetus,
1047 2657 1150 2740 atque
1173 2654 1314 2738 agmina
1336 2653 1427 2721 mille

421 2779 540 2847 Divum
563 2778 806 2864 hominumque
833 2781 993 2861 Patrem,
1016 2779 1114 2847 iussis
1135 2779 1292 2860 intenta,
1315 2779 1492 2845 coronant

421 2903 610 2988 Penniger,
635 2903 832 2971 Arsacidum
855 2905 985 2986 custos,
1010 2903 1111 2990 (nam
1134 2903 1255 2990 cuique
1280 2902 1424 2970 facultas

418 3027 586 3096 Concessa
608 3030 661 3096 est
683 3027 796 3115 fandi)
820 3028 967 3114 primum
989 3029 1036 3096 sic
1059 3027 1187 3096 institit
1208 3046 1287 3098 ore:

329 3153 374 3238 90
419 3152 542 3236 Magne
565 3155 708 3237 Parens,
731 3152 868 3238 quando
891 3153 1025 3221 cunctis
1047 3157 1085 3220 tn
1107 3152 1270 3238 prospicis
1290 3169 1419 3237 aequus

421 3277 621 3362 Tutarisque
642 3295 761 3345 omnes
784 3276 877 3345 nullo
899 3277 1095 3346 discrimine
1115 3279 1258 3363 gentes,

420 3399 491 3466 ‚lul
517 3417 635 3486 precor
656 3401 816 3486 aspicias,
842 3400 925 3468 mihi
948 3418 1031 3488 quos
1053 3418 1191 3468 servare
1213 3399 1351 3478 dedisti,

417 3524 543 3592 Obduoi
567 3525 717 3594 tenebris
737 3527 829 3613 turpi
852 3529 889 3594 et
911 3525 1059 3612 caligine
1083 3527 1202 3612 mergi.

418 3648 451 3716 Si
475 3651 593 3718 manet
616 3648 676 3717 hos
698 3649 789 3720 inter
809 3649 928 3732 ludas,
952 3649 1105 3718 offundet
1127 3651 1247 3718 oborta

330 3773 374 3838 95
419 3775 492 3841 Lux
515 3774 682 3861 quaedam
704 3775 861 3857 miseros,
885 3775 1050 3861 percellet
1072 3775 1203 3842 lumina
1226 3774 1348 3857 virtus,

417 3879 660 3983 Teque‘unum
682 3900 793 3968 colere
815 3901 919 3986 atque
947 3917 1055 3967 unum
1074 3901 1254 3968 observare
1277 3897 1410 3966 docebit

418 4023 459 4088 nt
479 4022 592 4107 legem
614 4023 699 4090 scire
723 4026 760 4091 et
780 4027 918 4092 sanctos
938 4022 1096 4092 evolvere
1120 4024 1222 4092 libros

417 4143 644 4231 Inlandasque
666 4165 745 4215 aras
768 4149 917 4234 ritusque
948 4146 1144 4216 horrescere
1166 4147 1319 4232 iniquos:

416 4272 509 4358 ipsas
530 4291 678 4358 namque
702 4273 792 4342 feras
814 4276 934 4342 usust
957 4291 1193 4342 mansuescere
1217 4271 1319 4359 longo

310 4394 372 4461 100
417 4396 583 4464 Convictu
606 4397 763 4482 quisnam
787 4397 918 4483 negetl
940 4395 1143 4482 Indignatur
1166 4397 1264 4466 ludas

415 4519 595 4588 Servitium
619 4519 830 4608 multumque
852 4519 965 4602 dolet3
988 4522 1047 4588 sed
1069 4520 1185 4590 debita
1205 4520 1306 4590 solvit
