3576 5376
769 735 986 823 Eleloga
1005 735 1068 802 11

335 989 343 1004 ¹
412 1037 459 1087 nu
483 1035 603 1089 LEONE
626 1038 679 1088 x11
701 1038 748 1088 Au
770 1037 925 1089 SVMMVM
947 1035 1211 1089 Pourrrrcsrvu
1233 1036 1370 1088 RVEGPO
1392 1021 1425 1081 (1)

725 1661 931 1714 unuiuonvs
956 1682 976 1698 ·
997 1661 1113 1714 ALCON

603 1895 676 1971 Quo
699 1895 798 1981 pater
819 1893 949 1964 albenti
970 1892 1162 1962 clitumnus
1184 1891 1322 1962 flumine
1345 1913 1483 1983 campos

514 2018 622 2086 Alluit
644 2019 681 2086 et
701 2018 821 2105 pingui
842 2017 942 2085 floret
963 2017 1124 2086 Mevania
1146 2017 1259 2101 cultu,

515 2141 733 2230 Compulerat
754 2143 939 2212 Meliboeus
960 2159 1042 2212 oves
1063 2145 1247 2230 taurosque
1269 2144 1438 2226 nitentes,

515 2269 605 2346 Quos
627 2269 771 2335 Romam
793 2285 813 2335 e
834 2266 928 2336 silvis
949 2267 1104 2336 aditurus
1127 2268 1267 2337 tradidit
1289 2269 1406 2336 Alcon.

514 2394 576 2460 Hic
598 2393 660 2461 sub
682 2411 766 2479 rupe
788 2393 928 2474 sedens,
952 2392 1034 2460 dum
1056 2391 1192 2462 falleret
1213 2395 1283 2463 otia
1304 2397 1427 2479 cantu,

516 2519 684 2588 Arbuteas
706 2517 796 2586 facili
812 2509 960 2588 'texebat
980 2517 1110 2586 vimine
1133 2521 1255 2589 crates.

518 2649 603 2714 Ecce
626 2644 697 2714 solo
718 2643 871 2724 insultat,
893 2643 1031 2710 domino
1054 2643 1231 2730 redeunte,
1255 2645 1395 2732 Lycisca

518 2772 561 2838 Et
582 2769 685 2838 celeri
707 2770 913 2856 approperat
934 2787 1045 2852 cursu,
1069 2769 1281 2858 caudamque
1303 2772 1463 2840 volutans

518 2895 657 2964 Leniter
677 2911 736 2962 ore
759 2911 900 2962 manum
923 2893 1059 2965 lambit:
1082 2893 1176 2962 molli
1198 2896 1291 2964 ocius
1312 2895 1419 2965 herba

518 3021 681 3108 Assurgit,
695 3019 894 3101 Meliboeus,
919 3020 1009 3089 Ades
1023 3019 1181 3106 tandem,
1204 3021 1377 3109 increpat,
1402 3021 1529 3105 Alcon,

522 3146 672 3214 Tandem
683 3145 934 3214 udestetsimul
947 3146 1001 3213 bis
1012 3146 1171 3215 reducem
1181 3146 1377 3233 complexus
1387 3148 1535 3216 amicum

521 3271 643 3341 Oscula
665 3271 799 3358 deligit,
823 3270 903 3339 dein
926 3269 1049 3338 talibus
1071 3274 1216 3358 occupat
1236 3271 1341 3340 ultro:

410 3403 493 3470 Mel.
517 3397 674 3484 Implevit
697 3413 774 3465 mea
796 3399 878 3464 vota
900 3397 1004 3464 Deus:
1028 3396 1097 3464 iam
1119 3398 1273 3484 tempore
1295 3397 1398 3484 longo

517 3523 656 3591 Finibus
679 3522 731 3590 his
751 3523 874 3591 aberas
895 3523 998 3608 teque
1022 3521 1114 3590 inter
1136 3523 1220 3590 nota
1240 3521 1376 3592 iuvenci

326 3653 367 3718 15
521 3651 652 3718 Pascua
674 3649 775 3735 teque
798 3665 917 3714 omnes
937 3648 1146 3733 exoptavere
1168 3647 1291 3715 coloni.

521 3773 619 3840 Nunc
642 3772 781 3858 paulum
803 3789 935 3840 cessere
958 3771 1101 3858 viaeque
1123 3770 1340 3842 incommoda
1357 3773 1447 3842 dulci

521 3897 586 3965 Fas
608 3895 762 3965 relevare
784 3897 877 3964 toro:
899 3895 1002 3966 viden
1024 3899 1063 3963 ut
1084 3913 1121 3964 se
1145 3898 1289 3985 populus
1311 3901 1389 3969 alba

522 4020 676 4108 Explicet
697 4023 734 4088 et
754 4019 857 4088 fluvio
879 4020 994 4090 viridis
1016 4021 1165 4091 colludat
1186 4025 1309 4110 imago.

414 4149 486 4216 Alc.
518 4144 615 4212 Haud
638 4147 787 4231 tempus,
812 4144 992 4230 Meliboee,
1017 4145 1085 4215 levi
1106 4149 1320 4235 requiescere
1342 4150 1378 4217 in
1395 4151 1533 4234 umbra;

327 4275 371 4340 20
524 4272 633 4339 Roma
653 4271 716 4338 sibi
738 4275 897 4357 gratatur
918 4290 1036 4358 ovans,
1059 4292 1141 4343 nam
1163 4278 1285 4344 Pastor
1299 4277 1381 4346 ovili

524 4397 686 4466 Redditus
693 4414 703 4480 3
727 4398 797 4482 ipse
820 4401 956 4484 egomet
978 4403 1114 4470 vectum
1137 4419 1198 4488 per
1221 4403 1370 4489 compita
1389 4421 1490 4472 curru

528 4525 727 4594 Pontificem
751 4529 787 4594 et
808 4527 952 4596 Romam
974 4529 1043 4598 vidi
1068 4531 1259 4602 fervescere
1281 4533 1409 4621 plausu.
