3564 5376
675 529 785 580 ursuli
819 528 997 580 SECVNDVS

342 657 499 724 intremit
520 659 557 724 et
578 656 698 738 tellus,
722 656 791 724 late
814 655 998 742 mugitibus
1019 671 1146 740 aequor

342 782 554 849 Horrendum
576 781 700 851 fremit.
724 780 861 873 Ingenti
883 783 956 849 tum
978 782 1090 848 castra
1112 796 1238 864 pavore

254 908 297 973 45
340 907 493 990 Misceri,
516 907 673 993 turpique
696 905 798 990 fugae
820 907 894 973 tum
917 907 1052 974 vertere
1074 905 1183 990 terga.

342 1029 429 1097 Hinc
451 1029 573 1097 victrhr
594 1029 709 1116 spoliis
730 1029 826 1115 Sipus
849 1028 982 1096 exultat
1003 1027 1143 1113 opimis,

342 1159 450 1224 Antro
471 1157 571 1242 signa
592 1156 703 1239 dicat,
727 1156 885 1224 meritum
907 1156 987 1235 tihi,
1015 1156 1118 1238 Dive,
1142 1157 1340 1240 tropaeum,

342 1283 469 1351 Rursus
490 1285 526 1351 et
548 1283 750 1352 incumbunt
772 1282 867 1368 operi
891 1282 1000 1350 lausto
1022 1282 1134 1349 omine
1158 1282 1249 1349 laeti.

429 1405 474 1472 At
496 1406 603 1474 Satan
626 1422 742 1491 pugna
763 1405 895 1473 excisus
917 1421 1008 1486 non,
1032 1404 1186 1486 invidus,
1210 1406 1320 1472 artem

254 1521 298 1595 50
341 1529 503 1614 Deponit,
526 1528 725 1615 clademque
749 1547 837 1597 novo
861 1527 1034 1598 molimine
1057 1531 1179 1598 tentat.
1258 1569 1262 1579 ·

341 1655 427 1721 ilinc
449 1657 622 1737 oratores,
647 1654 766 1740 quihus
788 1655 898 1722 omnis
920 1655 1018 1741 copia
1040 1655 1151 1735 sandi,

341 1781 477 1848 Mittere
498 1781 688 1866 suggessit,
711 1780 834 1848 donum
858 1783 894 1848 et
916 1781 1059 1867 Sipunta
1080 1780 1226 1862 referre,

342 1903 384 1971 ut
404 1920 524 1990 pacem
545 1903 705 1972 simulare
728 1906 764 1972 et
785 1903 928 1990 iungere
952 1904 1069 1972 foedus
1091 1903 1246 1971 amicum.

342 2029 450 2115 Asper
473 2047 579 2115 equus
601 2030 675 2116 regi
698 2029 829 2112 luerat,
852 2029 1080 2098 conscendere
1102 2028 1216 2097 nullus

253 2155 297 2220 55
338 2155 445 2231 Quem
467 2154 633 2236 domitor,
657 2155 737 2224 licet
761 2155 969 2240 intrepidus,
993 2156 1190 2223 tentaverat
1211 2171 1372 2240 unquam.

341 2280 547 2366 Impatiens,
570 2297 670 2363 acer,
693 2298 841 2367 quasque
865 2280 1062 2366 indignatus
1084 2281 1236 2349 habenas
1346 2356 1352 2367 ,

342 2402 464 2486 llxilit,
487 2403 709 2490 exagitatque
732 2421 845 2472 comas
868 2407 903 2472 et
925 2405 1018 2472 calce
1040 2405 1195 2491 repellit;

344 2524 463 2611 Regali
485 2524 626 2611 pulcher
647 2525 740 2592 cultu
762 2526 977 2613 phalerisque
1001 2526 1143 2594 decorus

344 2651 545 2736 Purpurea,
568 2669 706 2738 gemma
728 2651 927 2738 intextoque
949 2652 1153 2721 micantibus
1173 2671 1267 2721 auro.

253 2777 297 2843 60
342 2776 489 2844 Mittitur
510 2775 566 2844 hic
587 2777 733 2860 Daunis,
756 2776 881 2845 donum
904 2777 1043 2846 exitiale
1066 2778 1218 2846 futurum

343 2901 520 2986 Pontifici,
544 2903 624 2969 dum
645 2904 762 2988 carpet
785 2904 872 2988 iter;
894 2921 976 2972 nam
999 2904 1124 2973 leniter
1147 2907 1248 2972 orant

344 3027 463 3112 Legati
486 3027 663 3114 verbisque
686 3031 811 3115 tegunt
834 3028 1010 3098 fallacibus
1031 3047 1151 3110 ausus,
1250 3047 1252 3050 ’

343 3153 474 3239 Siponti
496 3153 575 3222 lecti
597 3153 690 3222 cives
711 3156 751 3221 ut
773 3153 910 3223 foedera
931 3159 1108 3240 pangant,

343 3280 386 3344 Et
406 3296 524 3362 regem
546 3279 734 3346 adveniant
755 3280 792 3347 et
813 3279 950 3347 moenia
971 3280 1236 3367 parthenopaea.

253 3407 299 3471 65
342 3404 438 3471 Haud
461 3404 617 3472 fraudum
640 3405 781 3492 ignarus
803 3405 890 3474 comi
914 3407 1117 3474 Laurentius
1139 3425 1197 3474 ore

343 3530 477 3616 Excipit
498 3533 534 3598 et
556 3531 693 3615 missos,
716 3549 780 3598 nec
803 3531 914 3600 tristia
935 3550 1080 3600 munera
1101 3531 1253 3618 spernit;

344 3657 519 3741 inceptam
542 3656 660 3742 templi
683 3655 807 3724 molem
829 3655 1045 3725 commendat
1066 3657 1177 3725 amico

345 3781 543 3864 Drymanti;
567 3781 701 3850 sublata
721 3785 758 3850 et
779 3781 921 3866 dextra,
945 3781 1058 3851 fausta
1079 3785 1237 3869 precatus

344 3907 548 3974 indomitum
571 3907 768 3976 conscendit
789 3925 915 3994 equum
937 3912 973 3976 et
995 3909 1180 3978 tutissimus
1201 3909 1331 3978 haeret.

255 4032 300 4097 70
345 4031 436 4099 Mitis
456 4034 494 4100 at
516 4032 572 4100 ille
595 4050 684 4102 novo
706 4032 834 4118 ganum
855 4033 917 4101 suh
939 4033 1108 4120 pondere,
1131 4033 1239 4103 laetos

345 4158 422 4224 Edit
443 4160 480 4227 et
502 4157 655 4228 hinnitus
677 4161 713 4227 et
735 4160 838 4244 gestit
859 4147 1000 4246 corpor'e
1024 4161 1105 4229 toto.

345 4284 487 4352 Miratur
509 4284 638 4353 Gothus
659 4287 819 4372 aspectu,
844 4286 1013 4354 mirantur
1035 4287 1071 4354 et
1092 4303 1219 4354 omnes.

345 4410 527 4497 Arripuere
550 4411 643 4480 viam
664 4412 824 4496 tandem,
848 4414 1047 4498 patremque
1070 4411 1257 4497 ducemque

345 4535 475 4622 siponti
495 4538 638 4625 populus
659 4539 746 4607 votis
768 4539 939 4626 oculisque
958 4540 1157 4625 sequuntur.
