3576 5376
355 501 419 564 314
640 511 725 563 rnnn
747 511 867 564 carcre
893 513 915 562 1.
933 513 962 564 c.
979 512 1010 562 n.
1028 513 1061 566 u.
1079 531 1097 547 ·
1113 513 1249 567 annom
1265 516 1278 566 1

464 675 508 688 -
529 639 591 705 Hic
615 635 724 703 malus
744 635 884 703 allectat
906 639 1095 722 sceptrum,
1116 637 1171 706 hic
1194 639 1333 707 affectet
1354 641 1499 706 honores

550 761 729 828 uirorum:
753 775 818 826 nec
840 761 875 826 te
898 757 1042 826 crimina
1065 762 1165 828 muta
1189 762 1352 830 moventi

464 887 536 952 lam
558 883 653 952 caelo
674 883 781 966 Dens,
804 886 841 951 et
862 882 945 949 solio
968 881 1159 952 detruditur
1181 886 1251 954 alto

375 1011 418 1075 60
551 1011 622 1076 lam
645 1006 784 1089 Caesar,
810 1023 874 1074 nec
896 1009 932 1076 te
954 1007 1109 1076 Caesaris
1131 1011 1230 1095 angit
1252 1011 1386 1080 honori
1410 1051 1453 1062 -

464 1131 621 1200 Vincitur
643 1129 696 1196 his
717 1146 869 1216 praeses,
901 1130 1022 1215 populo
1046 1131 1202 1220 ceditque
1225 1133 1373 1216 tlurenti;

551 1255 639 1322 Nam
662 1253 742 1340 qnid
765 1270 835 1321 non
857 1254 948 1338 cogit
972 1255 1053 1324 vilia
1076 1256 1178 1324 corda
1200 1259 1323 1326 timori

464 1380 614 1466 imperat
634 1375 730 1463 affigi
752 1377 867 1462 ligno:
891 1379 1133 1448 exhorrescere
1156 1381 1219 1450 visi

551 1500 727 1586 Aligerum
749 1501 886 1582 coetus,
910 1501 1156 1588 intremuitque
1179 1502 1284 1588 polus.

378 1630 421 1696 65
465 1629 535 1696 Vas
556 1627 650 1695 iubet
671 1623 806 1707 afferri,
832 1627 901 1694 Vos
922 1625 1048 1694 iustum
1069 1627 1241 1712 occiditis,
1266 1629 1395 1715 inquit;

552 1751 697 1818 Mundus
717 1752 756 1817 at
777 1750 866 1836 ipse:
891 1750 1005 1836 palam
1027 1750 1154 1837 proluit
1176 1753 1255 1820 inde
1278 1772 1408 1822 manus

466 1879 568 1961 Tum,
590 1876 701 1963 Caput
722 1876 758 1943 in
782 1879 936 1943 nostrum
958 1893 1059 1943 cruor
1080 1877 1152 1960 hic,
1176 1878 1277 1946 turba
1298 1879 1403 1964 impia
1422 1879 1566 1956 clamat,

552 2003 595 2069 Et
617 2003 769 2068 nostram
791 2017 891 2068 cruor
912 1999 969 2069 hic
997 1999 1125 2070 defluat
1147 2002 1184 2068 in
1205 2002 1364 2070 sobolem.

463 2131 490 2195 O
511 2145 621 2214 genus
643 2125 784 2210 infelix,
806 2144 895 2212 quae
919 2129 955 2194 te
980 2125 1121 2196 vesania
1144 2127 1304 2214 torqu'ett

379 2258 422 2321 70
553 2254 638 2331 Quid
662 2255 769 2323 vomis
790 2254 826 2321 in
848 2257 1007 2322 sanctum
1029 2255 1142 2342 turpia
1164 2255 1287 2340 probra
1309 2255 1434 2322 Deuml

466 2383 532 2450 Ore
549 2383 720 2450 venenato
743 2381 915 2464 lingrmm‚
939 2380 1039 2448 turba
1060 2379 1184 2464 effera,
1209 2383 1246 2448 ut
1269 2381 1411 2465 anguiS,

556 2507 720 2575 Exactis:
750 2505 855 2573 cladis
877 2505 1005 2574 nuncia
1025 2505 1145 2590 lingua
1169 2507 1228 2573 tua
1251 2510 1324 2578 est:

470 2632 604 2702 Scilicet
625 2631 680 2698 hic
702 2630 857 2717 sanguis,
889 2649 990 2717 quem
1011 2631 1059 2698 sic
1081 2631 1218 2699 testaris
1238 2631 1272 2697 in
1297 2645 1415 2697 omnes

556 2759 777 2828 abramidum
801 2762 920 2843 natos,
947 2760 1015 2827 heu
1036 2758 1128 2860 mala
1151 2759 1282 2848 quanta
1304 2755 1390 2846 ciet!

382 2887 425 2952 75
469 2889 615 2954 liversae
638 2887 849 2972 Solymorum
872 2886 976 2953 aedes
997 2885 1204 2970 incensaque
1229 2881 1378 2967 templa,

556 3015 687 3098 Perque
712 3011 784 3078 vias
805 3012 928 3098 passim
950 3027 1041 3077 mors
1064 3008 1138 3077 iera
1170 3024 1298 3094 perque
1319 3007 1455 3073 domos:

469 3141 511 3206 llt
533 3155 641 3222 vagus
663 3137 699 3204 in
721 3143 844 3221 gentes
866 3135 985 3217 Iudas,
1015 3137 1210 3219 terramque
1233 3148 1414 3218 pererrans

558 3265 668 3350 Usque
690 3261 888 3349 palaestinis
910 3262 1033 3330 finibus
1054 3259 1134 3328 exul
1155 3258 1231 3328 erit.

473 3391 580 3466 Quam
603 3388 722 3456 malles
743 3388 909 3470 mouisse,
934 3388 1001 3455 tuis
1021 3385 1211 3455 cervicibus
1232 3383 1349 3452 insons
1411 3341 1415 3350 Ι

386 3517 429 3580 80
560 3514 757 3583 Extremum
787 3513 842 3581 hic
862 3512 1003 3600 sangnis
1024 3529 1128 3599 quum
1152 3511 1240 3579 leret
1267 3507 1454 3578 excidium!

436 4377 468 4434 (l)
485 4375 565 4422 llnttlr.
582 4375 675 4422 xxvfl.
694 4375 722 4422 19
738 4400 766 4409 -
784 4376 878 4423 Uxorem
897 4375 976 4432 Pilati,
1000 4375 1036 4420 rui
1052 4387 1131 4422 nomen
1147 4373 1251 4421 Claudiae
1267 4371 1373 4417 Proculae
1387 4371 1456 4417 tuisne
1472 4369 1563 4416 dicunt.

375 4472 389 4502 a
404 4457 450 4506 Dec
465 4456 601 4504 admonitam
612 4471 650 4517 por
661 4459 768 4504 somnium
784 4459 903 4504 autumant
918 4459 992 4516 plum
1002 4471 1028 4502 cr
1043 4457 1158 4514 Patribus,
1173 4455 1202 4501 ed
1218 4455 1367 4504 innocsntinm
1383 4455 1407 4500 at
1421 4452 1565 4500 divinitatem

375 4537 425 4584 lem
441 4537 523 4585 Christi
539 4539 706 4586 ostendendam.
1042 4549 1045 4555 '
