3576 5376
489 573 575 626 rrnn
596 572 800 627 csvcrsnu
818 573 849 624 n.
867 573 901 624 u.
918 573 1087 624 -eusom
1103 573 1170 624 xm
1368 558 1434 623 345

245 703 291 769 25
335 699 558 768 Nicoademus
578 698 691 778 adest,
717 698 822 766 noctu
844 697 977 766 visurus
999 700 1109 765 lesum

420 821 586 904 Advenit,
609 823 646 888 et
668 819 731 888 diis
753 819 881 906 pendet
902 819 947 888 ab
968 820 1134 907 alloquiis.

334 947 401 1015 Vix
422 946 563 1014 comites
584 946 728 1012 tenuere
750 943 887 1029 iugum,
911 943 986 1012 loca
1006 942 1160 1030 squalida
1181 943 1307 1012 circum

420 1071 604 1148 Mirantur,
628 1067 755 1147 luctus,
781 1069 929 1136 merset
953 1067 1076 1154 ubique
1100 1085 1215 1154 pavor.

333 1195 397 1282 Ipsi
419 1197 456 1263 et
478 1194 646 1275 latrones,
668 1191 854 1260 contructis
875 1193 1045 1277 cruribus,
1068 1192 1156 1262 altos

243 1320 287 1387 30
419 1321 573 1404 Angores
594 1318 686 1385 inter
706 1319 915 1386 succubuere
939 1317 1041 1385 neci:

333 1443 493 1512 Horridus
514 1442 571 1510 ille
593 1442 701 1510 vomit
721 1442 853 1511 saniem
870 1413 912 1511 'et
934 1441 1008 1509 iera
1031 1441 1161 1510 lumina
1183 1443 1316 1521 torvus,

420 1566 484 1635 Hic
504 1583 664 1652 superum
686 1565 818 1652 placido
839 1565 948 1651 spirat
968 1567 1013 1632 ab
1035 1583 1094 1634 ore
1116 1564 1228 1633 decus

334 1691 462 1759 Haeret
483 1691 613 1758 moesta
634 1687 733 1756 Cruci
754 1705 903 1775 saxoque
925 1687 1097 1756 simillima
1120 1687 1238 1772 Virgo,

423 1817 493 1884 Nec
516 1813 598 1882 sinit
620 1813 807 1882 immensus
829 1811 974 1883 reddere
994 1811 1101 1880 verba
1122 1811 1226 1881 dolor.

246 1941 291 2006 35
334 1939 434 2006 Stant
455 1938 583 2006 circum
604 1937 732 2005 effusae
754 1937 867 2004 crines
889 1939 1079 2023 tunsasque
1100 1955 1233 2006 sorores

425 2064 586 2147 Pectore,
609 2063 805 2130 moerentes
827 2061 942 2150 nilque
966 2061 1082 2130 levare
1104 2063 1226 2147 potest

337 2187 390 2254 Sic
413 2186 544 2254 cladem
566 2185 688 2254 infelix
711 2187 747 2252 et
768 2185 988 2254 lamentabile
1012 2185 1119 2253 letum

424 2314 593 2386 Natorum¹
610 2311 708 2378 firmo
731 2313 869 2397 pectore
892 2309 1028 2396 Respba
1049 2311 1082 2370 (¹)
1105 2311 1215 2380 videt:

335 2438 485 2508 Sollicita
506 2437 707 2524 accipitrum
728 2436 847 2505 rostris
867 2438 969 2523 atque
993 2437 1163 2523 unguibus
1184 2442 1281 2506 arcet

248 2565 291 2629 40
422 2561 611 2648 Reliquias,
634 2563 753 2630 noctes
774 2560 1024 2648 pervigilatque
1047 2559 1127 2630 dies.

338 2691 398 2757 Ast
417 2705 503 2777 opus
524 2690 560 2755 et
583 2687 703 2774 Ioseph
726 2692 763 2755 et
785 2687 1009 2756 Niooadamus
1031 2688 1189 2772 obibant,

422 2812 585 2881 Nituntur
606 2811 723 2896 scalis,
745 2813 868 2897 stupea
890 2809 1129 2897 circumagunt

336 2934 498 3016 Vincula,
522 2933 704 3020 forcipibus
724 2933 839 3002 clavos
861 2951 1090 3021 manuumque
1112 2935 1301 3022 pedumque

424 3060 602 3142 Evcllunt,
626 3060 754 3128 crebris
774 3059 897 3128 ictibus
917 3077 1003 3129 aura
1023 3062 1133 3128 sonat.

247 3187 290 3252 45
333 3188 375 3253 ut
396 3186 541 3270 sensim,
565 3187 732 3274 veritique
755 3205 863 3256 novos
884 3187 981 3273 quasi
1005 3187 1094 3255 ferre
1117 3186 1248 3255 dolores

426 3316 509 3380 Tam
531 3329 612 3381 caro
633 3312 753 3398 capiti,
778 3311 931 3380 membra
952 3311 1061 3380 refixa
1083 3314 1180 3381 trabe

334 3436 492 3506 subiecto
514 3437 640 3506 tollunt
663 3440 760 3522 tergo
793 3440 830 3508 ot
852 3439 936 3505 dant
960 3437 1097 3506 brachia
1120 3437 1265 3507 circum:

423 3560 568 3646 Quisque
590 3561 685 3645 silet,
709 3561 819 3648 pietas
841 3561 933 3630 fatur
954 3565 991 3630 et
1013 3581 1100 3631 unus
1122 3582 1226 3632 amor.

334 3683 456 3768 Virgo,
481 3685 700 3752 cruentatum
722 3683 825 3753 Gnati
848 3685 1026 3772 complexa
1049 3687 1213 3772 cadaver,

247 3810 291 3874 50
423 3787 519 3894 Figit'
534 3827 656 3877 amans
676 3809 785 3896 plagis
808 3811 938 3892 oscula,
964 3812 1065 3880 corde
1089 3812 1199 3896 fovet;

335 3933 572 4021 Traieotosque
593 3935 696 4022 pedes
717 3936 912 4023 palmasque
935 3939 971 4004 et
994 3939 1107 4024 turpia
1131 3938 1274 4006 rhamno

421 4062 587 4146 Tempora
607 4064 645 4130 et
667 4063 808 4132 immani
832 4063 973 4132 vulnere
996 4067 1115 4151 pectus
1136 4064 1236 4132 hians

336 4186 480 4271 Aspicit:
503 4186 571 4254 beu
593 4187 751 4256 miseram
774 4189 935 4258 Matrem!
960 4189 1054 4257 dolor
1075 4193 1212 4259 aestuat
1234 4189 1302 4258 imo

422 4311 546 4396 Corde,
569 4312 650 4399 ipsis
672 4313 818 4383 lacrimis
839 4315 961 4384 clausit
981 4318 1122 4385 acerbus
1143 4317 1219 4384 iter.

246 4439 291 4504 55
333 4439 379 4506 At
400 4437 488 4506 flexo
510 4439 646 4508 coluere
667 4457 760 4527 genu
781 4459 879 4510 sacra
901 4460 1060 4529 corpora,
1084 4446 1263 4530 postquam

423 4562 522 4632 Illimi
545 4583 702 4654 proceres
723 4565 819 4636 fonte
841 4568 959 4636 lavare
983 4571 1125 4658 perant3
