3576 5376
744 809 1009 894 Epistola
1030 808 1115 873 IV

570 1107 617 1156 AD
639 1106 820 1158 losnenvu
852 1105 1056 1158 tneonnnvn
1080 1105 1103 1156 n
1126 1104 1199 1156 son.
1224 1103 1292 1154 Pus

753 1230 897 1282 PORTAM
932 1229 1101 1280 OPTIMVM

837 1481 1006 1490 ——u-—nn

517 1978 611 2054 Quae
634 1995 740 2064 vapor
761 1976 939 2064 applicitus
961 1976 1065 2044 variis
1087 1975 1251 2044 miracula
1272 1977 1372 2046 rebus

427 2103 545 2171 Exerit
567 2103 631 2171 hoc
651 2120 749 2186 aevo,
773 2119 842 2168 non
865 2118 1007 2188 usquam
1029 2100 1102 2168 visa
1124 2100 1275 2183 Latinis,

426 2229 530 2296 Docto
552 2227 709 2312 equidem
730 2243 771 2294 ac
793 2244 894 2294 versu
915 2225 1049 2310 scribis,
1072 2224 1237 2308 Iacolete,
1261 2225 1405 2307 nitenti,

426 2353 601 2420 Insuetum
624 2370 685 2439 per
706 2351 772 2419 iter
794 2367 941 2436 pergens
964 2350 1116 2420 felicibus
1136 2351 1244 2432 ausis;

359 2476 382 2542 5
426 2476 583 2544 Gratulor
605 2494 649 2544 ex
671 2475 803 2543 animo:
827 2493 910 2543 nam
933 2492 1020 2560 quae
1043 2493 1113 2542 non
1135 2475 1255 2542 ultima
1278 2473 1351 2542 lans
1373 2475 1426 2542 est

426 2600 566 2683 Italiae,
588 2601 717 2670 scirent
739 2597 862 2668 nostri!
887 2602 1058 2684 servatur,
1082 2602 1119 2668 et
1139 2599 1250 2667 omnis

426 2725 522 2792 Haud
546 2725 688 2792 moritur
710 2726 900 2809 Zamagna,
934 2726 1082 2793 Nocetus
1111 2722 1370 2809 cunichiusque.

426 2852 474 2917 Ac
496 2850 594 2917 modo
618 2868 721 2936 quum
744 2867 854 2933 nugas
875 2849 967 2916 cives
988 2851 1163 2917 sectentur
1185 2849 1305 2916 inanes

425 2974 467 3041 nt
488 2976 654 3043 veterum
667 2973 803 3042 chartas
824 2974 1007 3042 exhorreat
1028 2973 1112 3041 itala
1135 2975 1240 3059 pubes

338 3099 379 3165 10
422 3101 534 3184 Atque
557 3100 655 3165 novis
677 3097 836 3184 petulans
854 3097 985 3165 insanis
1006 3097 1143 3182 ausibus
1165 3098 1287 3180 instet,

424 3223 555 3291 Difficili
578 3223 722 3310 Sophiae
746 3224 934 3309 pertractas
956 3222 1063 3290 ardua
1086 3241 1196 3291 versu.

424 3348 554 3417 Felices
579 3349 722 3416 nimium
745 3347 801 3432 qui
825 3347 914 3415 tanti
936 3351 1027 3416 sorte
1049 3347 1204 3432 magistri

424 3475 627 3554 Laetantur,
652 3472 741 3539 Latii
763 3471 887 3557 quique
910 3470 1120 3556 exemplaria
1143 3470 1303 3554 volvunt,

423 3597 469 3663 Te
492 3597 586 3663 duce.
611 3597 656 3663 Te
680 3595 787 3663 nostri
810 3598 975 3681 quantum
997 3595 1211 3662 admirantur
1234 3595 1379 3663 alumni!

337 3721 378 3788 15
421 3721 500 3804 Qui,
525 3721 627 3801 nosti,
651 3719 786 3806 pulcras
807 3719 955 3789 didicere
978 3719 1125 3787 fideliter
1146 3723 1255 3804 artes,

422 3844 564 3931 Expleto
586 3843 719 3930 trepida
742 3861 842 3930 quum
868 3847 984 3912 mente
1007 3843 1158 3929 pericula
1179 3862 1279 3912 cursu

423 3970 547 4036 Annua
568 3969 769 4053 tentabant,
793 3967 901 4054 rigido
924 3986 1064 4038 censore
1088 3970 1261 4054 bonoque,

422 4092 485 4168 Qui
508 4093 639 4161 calamo
661 4095 797 4178 arrepto
819 4095 989 4162 scrutatur
1011 4092 1167 4163 carmina
1187 4095 1223 4161 et
1245 4094 1373 4180 inquit:

420 4216 560 4300 Corrige
582 4216 650 4284 iam
674 4217 738 4284 hoc
760 4219 863 4303 atque
886 4217 968 4284 hoc:
995 4235 1061 4284 nec
1082 4217 1208 4284 menda
1230 4215 1359 4285 fallitur
1381 4237 1460 4287 una.

330 4340 375 4406 20
419 4340 567 4424 Tertius,
590 4344 629 4408 at
650 4341 751 4408 nimis
774 4340 840 4408 heu
863 4339 1001 4426 longus!
1025 4342 1095 4409 iam
1118 4342 1266 4410 volvitur
1289 4360 1420 4426 annue,

418 4465 555 4550 Exque
578 4467 613 4532 te
639 4463 763 4532 frustra
785 4466 942 4551 exoptat,
967 4483 1046 4535 mea
1069 4485 1168 4550 cura,
1191 4467 1362 4536 iuventus.
1486 4449 1492 4458 ’

417 4586 470 4654 Ah
492 4587 626 4670 redeas,
651 4607 786 4675 precor,
812 4591 855 4658 ah
880 4593 1015 4660 redeas!
1040 4593 1194 4679 sapiente
1217 4594 1379 4679 magistre
