3472 5360
651 576 762 627 uranu
784 575 935 627 rnurrvs
1337 557 1398 622 135

301 700 469 786 Supplicia
492 703 528 768 et
549 701 663 769 sordes
683 704 825 787 purgat,
856 700 951 768 velut
973 698 1107 786 ignibus
1130 715 1265 764 aurum:

301 826 387 892 Dum
408 823 508 893 ludas
529 828 650 893 Persas
673 825 764 894 inter
786 824 992 905 versabitur,
1024 841 1094 890 una

300 950 432 1018 Iustitia
452 953 489 1018 et
511 951 620 1037 pietas
641 951 730 1019 oaris
750 949 962 1037 amplexibus
984 949 1137 1016 haerent.

196 1075 258 1140 105
300 1073 353 1141 Sic
375 1074 453 1143 ille:
476 1078 514 1144 at
535 1079 656 1144 eontra
678 1075 815 1144 Gabriel
837 1078 886 1143 ita
910 1074 1012 1142 farier
1034 1073 1127 1140 infit:

300 1201 452 1284 Assyrios
472 1201 564 1267 inter
585 1219 704 1269 caecos
725 1206 952 1288 populumque
973 1197 1143 1267 colentem

303 1325 450 1392 Numina
473 1324 734 1412 foedantemque
758 1325 915 1394 nefandis
935 1324 1048 1392 usibus
1069 1339 1147 1390 aras

303 1449 428 1518 lsraele
449 1450 515 1518 sati
537 1451 665 1520 ducent
686 1451 713 1519 si
737 1450 872 1538 longius
893 1467 1037 1530 aevum,

303 1576 520 1644 Immemores
543 1575 620 1644 ildei
644 1577 770 1645 veteris
792 1576 943 1662 legisque
964 1591 1157 1655 sacrorum,

199 1701 260 1766 110
304 1701 393 1768 'lura
414 1700 560 1784 dabunt,
586 1702 715 1788 polluta
738 1701 816 1771 Nini
839 1701 1020 1768 simulacra
1042 1699 1158 1767 secuti.

307 1825 360 1890 Ah
383 1825 512 1894 miseris
535 1844 711 1912 suoourre,
736 1828 844 1894 Deus:
868 1829 1010 1912 peccata
1032 1826 1169 1891 luerunt

304 1953 375 2017 lam
396 1952 493 2034 satis,
516 1953 654 2037 assyriis
676 1954 818 2021 subiecti
841 1952 929 2020 colla
950 1953 1102 2020 catenis:

306 2078 481 2146 Promissis
503 2083 638 2164 patrum
662 2097 815 2164 maneas,
840 2079 1059 2165 precibusque
1083 2079 1251 2164 benignus

309 2204 446 2286 annue,
470 2224 554 2291 quas
577 2206 725 2274 fundunt
747 2207 881 2292 inopes,
906 2225 989 2293 quos
1010 2206 1157 2292 optimus
1178 2223 1295 2272 omnes

202 2327 263 2395 115
307 2329 468 2414 Exemplo
491 2330 610 2396 Daniel
633 2331 760 2416 praeit,
782 2348 824 2398 ae
845 2331 955 2398 solare
977 2330 1140 2398 dolentes.

307 2454 355 2520 Da
378 2454 523 2539 patriam
547 2453 684 2522 lsaoidis
706 2455 846 2522 tandem
869 2455 1106 2539 Solymamque
1130 2453 1272 2533 reverti,

308 2581 433 2648 Secura
455 2581 499 2647 da
520 2599 605 2666 pace
629 2580 713 2664 irui,
735 2581 942 2667 disiectaque
965 2580 1084 2666 templi

310 2703 444 2770 Rudera
466 2706 501 2771 et
523 2722 661 2772 eversas
682 2723 761 2773 aras
782 2704 826 2773 de
848 2705 990 2773 reddere
1013 2704 1141 2771 honori.

309 2829 370 2895 Hie
392 2829 529 2897 Gabriel
552 2831 656 2896 finem
680 2829 791 2897 sandi:
815 2832 898 2897 tune
921 2831 1059 2914 agmina
1082 2829 1166 2896 caeli

202 2951 263 3018 120
309 2954 456 3019 assensu
477 2952 573 3018 vario
597 2951 784 3032 fremuere;
807 2953 860 3019 ast
883 2953 1037 3019 omnibus
1058 2969 1128 3018 una

310 3079 406 3144 Mens
428 3095 547 3162 parere
572 3079 653 3160 Deo,
679 3080 798 3163 pateat
819 3077 877 3144 vix
900 3077 955 3144 dia
977 3077 1143 3145 voluntas.

311 3208 352 3273 At
376 3205 514 3274 decreta
535 3207 623 3274 Deus
646 3207 752 3275 tacita
773 3206 835 3274 sub
865 3215 981 3275 mente
1003 3208 1166 3274 reservat.

309 3331 455 3397 Tantum
478 3348 562 3416 opus
584 3329 731 3398 Isaoidas
752 3329 883 3398 meritis
905 3329 1065 3397 exolvere
1089 3327 1217 3395 vinclis
1335 3345 1348 3372 *-

394 3456 440 3520 At
461 3471 543 3522 vero
566 3455 693 3538 Satan,
717 3456 904 3524 humanum
929 3455 985 3540 qui
1006 3471 1116 3538 genus
1138 3468 1239 3519 omne

205 3577 266 3642 1‘25
314 3575 419 3659 (Nam
443 3575 530 3643 livor
551 3579 670 3644 manet
692 3575 870 3662 immanis)
896 3576 970 3644 vult
992 3576 1132 3661 perdere
1155 3573 1244 3649 161ο,

309 3701 480 3769 Hebraeos
502 3703 613 3787 agitat
636 3703 841 3788 Persasque,
864 3704 900 3769 et
922 3700 1066 3786 grandia
1088 3699 1158 3766 Beli

309 3827 466 3894 01161111
489 3826 626 3912 templa.
651 3827 743 3894 Haeo
766 3826 877 3894 media
903 3825 1069 3893 tolluntur
1091 3824 1127 3890 in
1152 3822 1254 3889 urbe:

312 3951 394 4018 Octo
416 3949 648 4036 superpositae
673 3968 797 4036 magno
821 3949 1001 4017 conamine
1026 3951 1137 4016 turres

310 4075 482 4151 Quadrato
502 4079 648 4160 surgunt
671 4075 823 4159 modulo,
846 4075 941 4161 quasi
965 4073 1114 4160 pyramis
1135 4072 1222 4148 alta,

206 4203 266 4268 130
311 4199 518 4285 Euternique
541 4198 667 4284 gradus
689 4199 850 4284 cingunt,
875 4199 970 4286 queis
992 4197 1129 4264 culmen
1151 4194 1300 4276 adusque

312 4327 399 4406 Itur,
437 4325 492 4391 ubi
515 4327 609 4392 torus
631 4343 674 4393 ex
698 4343 779 4392 auro
803 4339 1008 4408 mensaeque
1031 4323 1169 4406 paratae

313 4451 487 4518 Numinis:
512 4449 574 4517 has
595 4452 700 4517 noctu
720 4451 838 4517 servat
859 4447 1086 4535 pulcherrima
1108 4443 1225 4526 virgo;

320 4573 432 4642 ¹iudet
454 4593 555 4642 nemo
577 4575 705 4642 inferre
728 4572 869 4661 pedem:
892 4571 1043 4639 sacraria
1065 4569 1161 4636 molis
