3560 5368
357 523 423 588 214
865 539 1063 591 saracinos

466 667 553 734 Nam
576 668 732 754 quisnam
757 669 903 752 referat,
928 667 1032 736 ilreril
1054 685 1142 754 quae
1165 671 1247 736 tunc
1271 686 1349 735 mea
1370 669 1502 749 Roma,

355 789 420 856 200
465 793 587 858 Pressa
608 791 687 875 iugo
710 793 858 859 Satanae
883 791 1072 878 vinclisque
1095 791 1258 860 obstricta
1281 789 1444 875 tyrannii

466 916 510 982 Ut
532 933 654 983 nemus
675 917 852 985 arboribus
872 917 986 986 densis
1007 921 1044 985 et
1065 917 1219 985 sentibus
1241 933 1400 1002 asperum

466 1043 577 1126 Atque
601 1042 684 1108 atris
707 1043 913 1110 horrendum
934 1042 1062 1110 umbris
1082 1060 1193 1127 genus
1215 1059 1316 1109 omne
1340 1040 1488 1107 ferarum

467 1147 589 1214 Incolit
611 1151 705 1216 etse
729 1150 820 1216 inter
842 1149 1002 1236 discerpit
1024 1149 1129 1216 dente
1153 1149 1287 1230 voraci3

465 1267 527 1332 Hic
549 1268 673 1337 stridor
696 1271 918 1358 fremitusque
941 1283 982 1340 ac
1005 1271 1183 1340 horribiles
1204 1269 1374 1348 ululatus,

357 1391 424 1456 205
469 1393 603 1461 Ossibus
625 1396 735 1464 omnis
756 1398 879 1464 humus
900 1397 1014 1466 sorulet
1036 1397 1202 1482 nigroque
1226 1411 1355 1464 cruore.

465 1516 528 1585 Ast
550 1520 663 1588 media
684 1521 721 1587 in
743 1522 851 1606 silva,
875 1521 934 1589 vix
957 1522 1016 1589 ulli
1038 1521 1177 1607 cognita
1199 1521 1357 1589 crescunt

468 1642 553 1711 bilia
575 1645 809 1732 puniceosque
833 1665 928 1716 rosae
951 1665 1140 1734 suavesque
1162 1645 1360 1733 hyacinthi,

465 1769 589 1854 Incipit
618 1773 655 1838 et
677 1773 793 1840 vernis
822 1773 1008 1859 pubescere
1030 1771 1166 1842 floribus
1188 1771 1326 1850 hortus;

465 1892 534 1958 Nec
557 1894 659 1960 notus
681 1897 742 1962 aut
764 1894 902 1980 boreas,
925 1895 1048 1984 tepidis
1070 1895 1129 1964 sed
1151 1892 1288 1961 flatibus
1309 1907 1413 1958 aurae

355 2019 420 2082 ’310
466 2019 557 2084 Lena
582 2017 700 2086 fovent
723 2020 840 2088 nitidis
863 2021 951 2089 bene
973 2020 1103 2089 olentia
1123 2020 1282 2106 gramina
1304 2015 1454 2101 campis:

465 2143 507 2208 Et
529 2142 610 2209 colit
633 2144 718 2211 haec
742 2148 863 2214 Petrus
884 2146 1065 2215 nascentia
1086 2144 1242 2246 germina
1265 2141 1406 2220 Christi,

465 2269 558 2342 Quae
583 2269 686 2336 tacite
709 2275 874 2355 surgunt,
900 2272 1031 2357 rapitur
1053 2272 1134 2338 dum
1156 2265 1288 2337 romula
1309 2265 1417 2334 tantis

467 2392 567 2462 Plebs
589 2413 719 2463 vesana
740 2397 842 2482 iocis,
867 2398 954 2467 heu!
977 2399 1082 2467 saecli
1104 2399 1227 2482 ignara
1249 2394 1363 2462 hrturi.

553 2523 651 2588 Nunc
673 2538 738 2606 age
760 2541 957 2610 supremum
979 2524 1125 2593 Simonis
1146 2541 1258 2610 pange
1283 2520 1456 2589 furorem.

356 2645 421 2708 215
467 2646 582 2728 Musa,
608 2647 689 2716 mihi
713 2652 749 2717 et
771 2653 888 2737 turpes
910 2669 1028 2732 casus,
1052 2651 1141 2719 fanti
1165 2650 1255 2726 unde
1280 2645 1406 2713 Neroni

463 2771 628 2842 Exarsere
652 2774 770 2859 ignes,
794 2779 830 2844 et
849 2777 1095 2876 partumlibi,
1119 2778 1243 2857 Petra,
1267 2777 1455 2858 tropaeum.

554 2897 628 2973 Qua
650 2899 794 2986 Tarpeia
817 2904 902 2969 Foro
925 2919 1026 2988 rupes
1047 2887 1280 2988 supereminet
1302 2897 1372 2965 alto

466 3021 507 3086 nt
528 3019 709 3107 Capitolini
732 3005 870 3110 propter
890 3025 980 3092 Iovis
1002 3024 1132 3110 inclyta
1153 3025 1250 3092 sodes

465 3143 617 3227 Emicat:
640 3145 720 3215 inde
744 3151 863 3234 Magus
886 3149 1029 3236 liquidas
1050 3167 1086 3218 se
1111 3148 1230 3217 follere
1253 3148 1289 3214 in
1312 3164 1415 3213 auras

354 3269 419 3333 220
463 3269 612 3354 Spondet
634 3273 670 3340 et
692 3273 864 3344 aetherias
885 3273 1022 3341 enando
1046 3275 1185 3342 vincere
1209 3273 1325 3341 nubes

465 3397 553 3479 Ergo
576 3395 651 3464 luce
674 3400 765 3464 stata
788 3399 846 3465 vix
868 3398 963 3466 caelo
986 3417 1110 3467 aurora
1131 3397 1301 3476 rubescit,
1319 3469 1323 3478 ,

465 3519 563 3586 Plebs
584 3520 730 3606 stipata,
757 3521 937 3608 frequens,
961 3521 1102 3590 incensa
1124 3521 1280 3608 cupidine
1304 3525 1493 3588 monstrum

466 3643 626 3725 visendi,
650 3644 782 3730 plateas
803 3647 952 3733 complet
975 3647 1133 3734 vicosque
1157 3647 1382 3733 propinquos,

464 3769 653 3836 Turrenum
676 3771 905 3856 Tuscumque,
929 3774 964 3838 et
987 3772 1077 3838 tetro
1100 3789 1122 3838 a
1143 3788 1280 3839 carcere
1302 3769 1429 3836 dictum

353 3891 419 3956 225
464 3893 638 3959 Mamertis
650 3943 659 3976 ,
683 3869 887 3981 sacramque
905 3895 996 3962 viam
1019 3895 1199 3980 vicinaque
1221 3894 1348 3964 circum

463 4016 626 4102 Compita.
653 4021 692 4084 ut
716 4019 787 4104 ipse
811 4021 902 4088 Nero
926 4019 1077 4087 thalamo
1100 4020 1270 4104 digressus
1291 4021 1442 4098 eburno,

464 4142 561 4226 Itque
585 4141 762 4226 reditque,
785 4161 964 4230 comesque
988 4143 1036 4209 illi
1059 4161 1168 4210 novus
1191 4146 1306 4212 Icarus
1327 4143 1419 4225 ibat,

463 4264 570 4332 Multa
592 4265 683 4332 inter
704 4284 778 4334 sese
802 4265 923 4352 cupido
945 4283 1103 4334 sermone
1125 4269 1301 4348 serentes3

463 4391 504 4455 ut
525 4389 650 4456 sistunt
671 4391 874 4476 quandoque
907 4389 1073 4474 gradum,
1107 4391 1299 4476 patulisque
1322 4390 1483 4457 fenestris

352 4515 418 4580 230
463 4514 602 4581 Plebem
624 4514 889 4596 adventantem,
922 4514 1062 4583 tumidis
1083 4533 1147 4584 ceu
1168 4515 1325 4584 fluctibus
1356 4533 1502 4601 aequor,
