3564 5376
728 511 839 562 nuans
862 511 995 563 raruvs
1424 500 1464 564 15

361 637 490 716 Quidve
516 637 605 704 ferat
628 635 717 704 tauri
740 639 930 703 monstrum
953 635 1125 724 telumque
1149 639 1323 706 retortum.

251 765 319 829 235
363 761 542 845 Religione
564 777 663 828 sacer
685 760 777 826 locus
799 759 854 826 hic
877 759 1087 846 multumque
1111 762 1302 830 verendus:

362 887 424 954 Hic
447 885 530 953 mihi
553 885 712 953 constitui
735 883 853 966 sedeS,
876 885 932 951 hic
955 884 1080 952 dentur
1102 886 1268 968 honores,

362 1014 416 1080 Me
440 1012 545 1092 duee,
570 1011 771 1096 Pennigeris
793 1010 851 1097 qui
874 1012 975 1078 terna
996 1029 1057 1096 per
1078 1013 1219 1098 agmina
1240 1014 1394 1097 gaudent

361 1141 486 1224 Magno
509 1139 622 1204 astare
645 1138 712 1204 Dec
735 1137 839 1221 atque
860 1138 1040 1204 aeternum
1062 1137 1175 1205 dicere
1199 1137 1324 1206 laudes.

363 1265 514 1349 Namque
537 1280 601 1346 ego
623 1279 698 1328 sum
721 1261 887 1344 Michael,
910 1265 1043 1348 septem
1064 1264 1106 1330 de
1131 1263 1291 1332 fratribus
1314 1283 1401 1333 unus

250 1392 316 1456 240
361 1387 508 1474 Aligeris
528 1387 611 1454 solio
632 1387 754 1454 summi
776 1387 834 1471 qui
857 1387 1012 1454 Numinis
1034 1406 1138 1474 usque

362 1513 538 1580 Adsumus.
562 1515 654 1580 Haec
676 1511 783 1594 fatus,
806 1511 920 1596 gelida
941 1513 1121 1582 formidine
1144 1517 1264 1584 Pastor

363 1638 543 1706 Proiicitur
563 1640 635 1705 toto
657 1637 821 1705 demissus
842 1655 983 1722 corpore
1006 1641 1129 1706 terrae.

362 1765 529 1834 Deficiunt
552 1763 609 1831 olli
633 1765 724 1831 vires
745 1765 782 1831 et
804 1763 976 1830 anhelitus
998 1765 1086 1844 oris;

359 1889 521 1956 Sublevat
541 1889 580 1955 at
601 1887 784 1973 pavidum,
806 1887 906 1955 dictis
928 1891 964 1955 et
987 1887 1141 1955 mollibus
1162 1888 1275 1974 inquit

249 2019 316 2085 245
360 2015 592 2100 Pennigerum
615 2014 798 2098 Princeps:
822 2012 947 2081 Animo
970 2015 1102 2100 depelle
1124 2016 1293 2101 laborem,

360 2141 542 2223 Laurenti,
565 2141 696 2226 depelle
721 2144 869 2208 metum:
895 2141 956 2209 tibi
978 2160 1049 2209 non
1072 2160 1137 2227 ego
1160 2143 1267 2212 tristis

360 2267 509 2336 Nuntius
530 2266 674 2348 adveni,
699 2283 768 2333 non
792 2266 876 2334 haec
899 2269 1060 2354 portenta
1084 2269 1251 2354 benignus

359 2379 532 2462 Incassum
553 2392 637 2460 sinit
657 2409 730 2459 esse
755 2393 858 2474 Deus,
888 2391 1066 2479 faustoque
1090 2394 1241 2463 futurum

360 2519 511 2604 Auguris
534 2517 643 2584 visum
665 2518 806 2603 posthac
827 2518 923 2587 dabit
944 2520 1056 2588 exitus
1086 2522 1217 2607 ingens.

249 2648 316 2713 250
359 2646 438 2727 Ille,
462 2647 556 2713 metu
578 2647 704 2733 positu,
727 2665 871 2730 surgens
893 2647 1072 2716 fidissimus
1094 2646 1191 2715 iniit:

360 2773 387 2838 Ο
409 2789 568 2858 superum
592 2773 664 2838 Dux
687 2789 831 2856 magne,
855 2773 913 2838 Dei
936 2772 1129 2841 dulcissima
1152 2793 1250 2858 cura,

361 2901 469 2976 Quem
493 2900 596 2966 Pater
618 2899 835 2984 omnipotens
855 2901 937 2966 ante
960 2917 1079 2966 omnes
1099 2917 1228 2986 aequus
1250 2904 1396 2986 amavit;

361 3026 493 3092 Primus
516 3042 663 3109 namque
686 3023 735 3090 illi
758 3025 855 3092 caelo
873 3024 1066 3093 carissimus
1086 3026 1216 3095 haeres.

360 3151 436 3232 Dic,
460 3153 564 3231 bone,
588 3150 667 3238 quid
691 3149 819 3218 referat
841 3151 968 3218 visum:
992 3153 1187 3237 praesentia
1212 3155 1327 3239 magni

248 3280 315 3344 255
360 3275 526 3362 Principis
548 3275 724 3361 Aligerum
747 3275 830 3344 felix
851 3277 904 3345 his
927 3279 1098 3346 montibus
1120 3297 1239 3362 omen,

360 3403 464 3488 Spero
486 3401 645 3489 equidem
667 3399 725 3489 (at
747 3401 855 3488 culpis
876 3403 962 3473 caeli
985 3403 1193 3473 irritavimus
1216 3405 1320 3490 iram,

359 3527 494 3596 Scilicet
514 3531 550 3595 et
572 3530 688 3596 sontes
708 3527 899 3596 malefactis
920 3530 1025 3614 digna
1047 3529 1216 3618 luemus),

361 3655 514 3740 Namque
538 3656 652 3740 potes,
678 3653 730 3721 fer
744 3672 865 3741 opem:
888 3656 917 3723 si
940 3658 974 3724 te
998 3657 1156 3725 mortalia
1177 3662 1348 3744 tangunt,

360 3779 422 3847 Hic
445 3779 506 3846 tihi
528 3797 674 3864 magnus
697 3780 820 3863 honos,
843 3781 961 3850 laudes
975 3783 1012 3850 et
1026 3783 1117 3851 dona
1139 3784 1303 3869 feremus,

250 3907 314 3972 260
358 3905 564 3991 Templaque
587 3909 815 3991 consurgent:
838 3907 913 3974 miti
935 3911 1019 3976 tunc
1042 3910 1182 3978 nuntius
1204 3929 1283 3978 ore:

359 4031 470 4097 Macte
492 4031 625 4113 animo,
649 4032 828 4114 Laurenti,
860 4033 988 4100 etenim
1013 4035 1165 4104 felicibus
1186 4036 1303 4104 adsum

357 4155 517 4242 auguriis
537 4173 718 4242 superum:
742 4158 866 4225 Christi
888 4177 948 4226 vos
971 4159 1104 4228 invidus
1126 4162 1231 4230 hostis

358 4284 469 4369 Usque
491 4283 617 4369 premit
639 4286 832 4370 vexatque:
860 4285 963 4354 Italos
984 4287 1169 4356 defendere
1190 4288 1281 4356 misit

359 4411 412 4476 Me
435 4427 551 4476 rerum
573 4409 672 4477 Sator
693 4411 910 4495 omnipotens
916 4431 926 4495 ;
949 4431 1030 4480 nam
1052 4433 1157 4482 saeva
1179 4414 1355 4482 minantur

249 4539 314 4604 265
358 4537 580 4619 Christicolis,
604 4538 685 4606 hinc
707 4557 804 4607 arma
829 4539 954 4624 feram,
978 4542 1057 4608 hinc
1080 4544 1242 4609 mandata
1258 4542 1430 4610 facessam.
