3576 5376
717 707 765 757 An
787 707 986 760 nommcvu
1008 709 1158 759 PATREM

547 831 592 882 DE
616 831 777 884 summos
800 832 957 886 osuluusI
978 833 1146 886 munuum
1168 832 1328 884 VAS‘I'A'I'A

527 1575 615 1646 Care
637 1577 757 1659 Pater,
782 1575 890 1644 facilis
911 1575 1058 1662 primum
1081 1576 1285 1646 iuvenilibus
1308 1578 1398 1648 ausis

440 1703 581 1786 Annus,
604 1702 686 1769 dum
708 1719 835 1771 mersas
858 1701 929 1770 alta
951 1701 1098 1786 ealigine
1121 1721 1257 1788 causas,

439 1826 583 1896 Horrida
604 1845 691 1913 qnae
714 1826 811 1895 Pauli
833 1843 997 1914 paperem
1019 1827 1180 1896 incendia
1199 1827 1343 1914 templo,

439 1952 637 2036 pandimus,
660 1953 764 2038 atque
787 1950 854 2020 tuis
874 1954 1000 2038 parent
1021 1951 1079 2038 pia
1101 1952 1255 2020 earmina
1275 1953 1383 2021 iussis.

373 2079 396 2144 5
439 2078 532 2144 Haeo
554 2076 615 2143 tibi
637 2076 707 2144 sint
729 2076 842 2145 teneri
864 2079 1126 2144 monumentum
1147 2078 1184 2144 et
1205 2075 1330 2163 pignus
1350 2078 1494 2146 amoris:

440 2199 595 2268 Forsitan
618 2199 770 2283 interea,
794 2199 913 2268 faveat
933 2199 962 2268 si
984 2198 1105 2269 dexter
1126 2199 1260 2286 Apollo,

441 2323 574 2392 Laudes
595 2323 666 2410 ipso
689 2326 766 2392 tuas
787 2323 899 2392 dioam
921 2323 1136 2412 medicosque
1160 2325 1313 2410 labores,

443 2450 483 2516 ut
504 2467 589 2535 quas
609 2467 743 2536 gnavus
764 2466 846 2535 opes
868 2448 981 2533 a'egris
1003 2448 1201 2518 mortalibus
1226 2451 1336 2519 affers

528 2573 705 2660 Templum
719 2575 804 2656 erat
814 2573 986 2642 Ausoniae
1001 2571 1104 2642 decus
1119 2576 1155 2642 et
1171 2573 1262 2643 lama
1277 2575 1408 2659 inclyta
1423 2577 1568 2648 Romae,

357 2699 398 2766 10
441 2699 648 2784 Augustum,
670 2697 830 2782 sublime,
855 2697 995 2784 ingens,
1018 2698 1107 2785 quod
1130 2702 1253 2768 sancta
1275 2703 1428 2770 vetustas

440 2821 640 2906 Constituit,
664 2822 837 2908 Pauloque
859 2821 984 2890 altaria
1005 2823 1071 2890 rite
1093 2822 1230 2892 dicavit.

442 2948 515 3015 Huo
536 2950 657 3034 captus
678 2947 807 3034 pietate
830 2947 895 3016 looi
917 2949 1119 3034 peregrinus
1143 2949 1186 3015 ab
1208 2949 1278 3018 oris

443 3071 653 3157 longinquis
673 3089 857 3158 properare
879 3072 1017 3158 hospes,
1040 3073 1270 3159 promissaque
1293 3073 1376 3140 Divo

444 3197 542 3264 Serta
564 3195 646 3264 dare
667 3215 708 3264 ao
731 3197 887 3283 precibus
907 3197 1073 3265 solemnia
1093 3197 1226 3267 solvero
1247 3199 1338 3266 rota

360 3323 403 3389 15
445 3321 519 3389 Huo
542 3323 647 3390 etiam
669 3321 800 3407 cupidi,
824 3324 861 3390 et
881 3341 965 3408 quos
987 3322 1107 3390 dividit
1128 3322 1200 3392 alta
1222 3325 1378 3409 Pyrene,

443 3446 568 3513 Istrum
589 3445 712 3532 quiquo
736 3445 854 3515 bibunt
876 3449 913 3515 et
933 3449 1092 3516 amantes
1113 3447 1200 3514 mira
1224 3447 1400 3532 Britanni,

445 3569 563 3639 Visere
585 3572 765 3656 surgentes
787 3571 928 3639 immani
951 3572 1041 3642 mole
1062 3571 1237 3640 columnas

445 3695 625 3764 Ordinibus
647 3695 758 3780 longis
779 3699 815 3764 ot
835 3697 941 3766 silvae
963 3714 1057 3765 more
1081 3697 1296 3783 frequentes,

445 3823 495 3889 Ao
516 3837 618 3906 super
639 3820 834 3907 impositum
857 3822 944 3890 mira
965 3839 1130 3908 oompage
1152 3822 1295 3891 lacunar

358 3943 403 4011 20
446 3943 679 4030 antiquasque
701 3942 818 4039 oedros
839 3947 876 4012 et
897 3943 996 4031 piotis
1017 3945 1118 4032 signa
1139 3944 1283 4032 lapillis,

446 4066 536 4135 Illita
557 4067 760 4153 parietibus,
783 4071 961 4156 postesque
985 4086 1030 4136 ox
1051 4086 1131 4137 aene
1153 4068 1307 4154 rigentes

445 4191 608 4278 Atriaque
632 4192 856 4280 ingentesque
878 4212 957 4262 aras
978 4193 1168 4280 adytusqoe
1191 4193 1366 4262 verendos

447 4317 590 4387 Viderat
612 4317 713 4400 haee,
737 4318 840 4387 celeri
864 4318 1074 4406 perlustrans
1096 4319 1212 4388 omnia
1233 4319 1347 4406 lapso,

447 4445 592 4530 Tempus
614 4444 718 4527 edan,
742 4445 910 4532 avidoque
932 4463 1075 4515 movens
1095 4448 1132 4512 in
1154 4448 1293 4532 pectore
1315 4443 1464 4530 cladem,
