3472 5360
338 499 399 565 110
814 515 1053 572 nsursnnruos

442 646 513 712 Nec
534 645 652 711 tamen
675 645 807 714 interea
829 645 982 731 placidae
1004 649 1063 716 dat
1086 646 1238 715 membra
1260 620 1371 732 quieti=

441 769 568 855 Cyrus,
591 772 629 837 at
650 769 832 857 impatiens
854 771 976 841 lustrat
998 773 1129 858 regalia
1151 773 1261 852 tecm,

442 896 484 961 Et
506 911 618 962 comes
639 894 667 961 it
689 894 788 962 lateri
812 895 992 966 fidissimus
1014 915 1120 984 usque
1150 895 1329 964 Mulassar:

443 1018 548 1088 Multa
570 1037 672 1104 super
696 1018 800 1101 bello,
823 1023 983 1107 superet
1006 1021 1220 1090 Baithassare
1244 1021 1366 1103 multa,

358 1145 398 1210 10
443 1145 554 1230 Atque
575 1145 662 1212 adeo
685 1144 903 1213 Abramidum
927 1164 1013 1233 quae
1035 1145 1080 1214 sit
1103 1145 1241 1214 fortuna
1262 1146 1414 1232 requirit

441 1272 578 1338 Interea
598 1270 745 1354 amyrios
779 1271 968 1357 pendentes
988 1271 1107 1340 ordine
1130 1271 1235 1340 ustos

443 1394 632 1462 Parietibus
654 1394 747 1464 videt
767 1398 805 1464 et
827 1397 932 1464 textis
953 1397 1076 1466 aulaea
1097 1397 1230 1483 liguris,

310 1571 315 1578 .
441 1519 532 1594 Ques
553 1516 644 1602 tyria
667 1518 815 1586 variavit
836 1535 917 1602 acu,
941 1520 1093 1606 miraque
1117 1521 1268 1588 colorum

442 1644 525 1710 Arte
547 1660 669 1711 manus
690 1642 807 1712 sollers
829 1662 1037 1731 componens
1058 1646 1208 1715 stamina
1229 1647 1350 1733 pinxit.

357 1769 397 1834 15
441 1767 503 1834 Hic
527 1767 673 1852 primum
694 1767 811 1836 aeriae
833 1769 945 1836 cernit
967 1771 1160 1840 tentamina
1183 1772 1286 1838 turris

441 1891 606 1977 Surgere:
629 1891 689 1960 sed
711 1892 841 1978 coeptis
862 1893 1001 1962 insanos
1022 1894 1142 1963 sistere
1165 1896 1258 1982 cogit

439 2015 591 2083 Vindicis
612 2011 665 2084 ira
688 2017 756 2084 Dei.
781 2018 857 2085 Coit
878 2017 975 2102 hinc,
1007 2020 1091 2088 duce
1114 2023 1149 2088 et
1171 2021 1307 2107 auspice
1338 2019 1520 2102 Nembrot,

439 2142 551 2209 Turba
574 2141 685 2208 virum
707 2140 846 2226 linguae
870 2143 987 2227 unius,
1013 2144 1149 2212 molitur
1170 2147 1208 2213 et
1229 2147 1365 2229 urbem,

441 2267 516 2342 Qua
537 2267 629 2353 prior
651 2270 807 2335 errantes
829 2267 985 2337 homines
1007 2272 1043 2337 et
1065 2270 1190 2356 degere
1220 2271 1347 2356 eampis

353 2392 397 2457 20
417 2399 421 2410 ’
441 2390 561 2459 Suetos
583 2407 756 2457 murorum
778 2392 874 2459 certa
895 2391 1043 2460 statione
1065 2395 1199 2479 coegit:

442 2515 538 2583 Illam
561 2515 723 2583 dixerunt
744 2533 912 2584 memores
934 2517 1108 2601 Babylona
1131 2517 1287 2586 minores

442 2637 602 2708 Cusiades
625 2639 715 2707 serus
736 2639 914 2726 aspicitur,
939 2640 1059 2710 villosa
1080 2641 1189 2711 leonis

444 2768 590 2850 Tergum
613 2765 723 2850 operit
744 2765 856 2850 pellis,
880 2765 1027 2834 iaculum
1049 2767 1221 2854 dependet
1243 2769 1280 2836 et
1301 2783 1418 2848 arcus,

411 2893 414 2900 '
445 2889 614 2959 Ardentes
634 2891 767 2976 spirant
788 2890 892 2974 oculi,
916 2892 1115 2980 prolixaque
1140 2895 1258 2960 mento

189 3045 193 3054 ·
322 3045 329 3055 ·
356 3017 400 3082 25
444 3016 554 3083 Barba
576 3015 684 3097 cadit,
708 3013 910 3101 fluitantque
932 3017 1022 3102 nigri
1045 3036 1106 3104 per
1128 3017 1217 3086 colla
1239 3017 1373 3103 capilli:

443 3140 593 3226 Impiger
616 3143 717 3224 urget
738 3159 838 3226 opus,
863 3141 1034 3209 mandatis
1055 3144 1171 3210 omnia
1193 3145 1325 3228 parent

445 3266 603 3334 Cernitur
625 3267 661 3332 et
684 3264 807 3333 Ninive
829 3265 927 3350 gnati
950 3265 992 3333 de
1016 3267 1154 3334 nomine
1180 3267 1290 3335 dicta:

443 3392 635 3476 Assurgunt
657 3389 798 3475 pedibus
819 3391 975 3458 centenis
998 3393 1149 3474 moenia,
1174 3395 1285 3460 turres

444 3517 535 3584 Mille
557 3519 595 3584 et
616 3515 844 3602 quingentae,
868 3517 1042 3603 Tigrisque
1065 3515 1230 3586 interfluit
1251 3518 1352 3585 unda.

357 3645 400 3709 30
447 3643 601 3727 ¹aegypto
623 3641 678 3710 hic
701 3645 855 3728 pugnata
876 3644 979 3728 atque
1003 3641 1096 3711 indis
1118 3643 1265 3729 praelia;
1289 3642 1422 3728 palmae

441 3769 665 3848 Innumerae,
700 3783 882 3852 expressae
904 3767 1033 3852 species
1057 3785 1243 3854 regumque
1265 3768 1477 3850 ducumque,

442 3893 533 3967 Ques
554 3890 646 3958 inter
667 3892 853 3976 spectanda
877 3891 956 3958 Nini
978 3893 1154 3978 prestabat
1177 3892 1311 3977 imago:

441 4017 486 4082 Ut
509 4014 602 4082 lama
623 4017 693 4100 est,
717 4014 866 4084 lacrimis
881 4015 1078 4103 gemituque
1101 4015 1391 4102 Semiramis'ipsa

444 4140 566 4208 Texuit
587 4139 674 4207 beu!
701 4157 894 4208 memorans
916 4140 1065 4209 crudelia
1089 4141 1160 4210 lata
1181 4142 1305 4210 mariti.

357 4269 402 4334 35
445 4265 532 4333 Hinc
555 4266 678 4348 Ninus,
700 4265 822 4351 assyrii
844 4265 951 4352 patris
971 4268 1048 4352 post
1070 4266 1208 4350 lunera,
1231 4267 1302 4334 Beli

447 4393 591 4461 Nomine
613 4393 790 4461 delubrum
812 4395 848 4461 et
870 4393 942 4461 dios
963 4395 1135 4461 statuebat
1157 4392 1321 4461 honores:

446 4517 641 4587 Caeduntur
663 4519 770 4600 tauri,
803 4518 936 4586 fumant
959 4519 1082 4586 altaria
1104 4520 1189 4586 ture.
