3564 5376
335 495 377 562 46
807 508 1068 562 munanunrnos

331 639 397 704 395
441 636 570 704 Felices
591 636 732 704 ambae!
759 636 875 722 tetigit
896 655 978 704 nam
1001 635 1096 705 nulla
1119 637 1274 722 voluptas

441 762 606 848 Corpora,
629 761 887 848 virgineumque
906 761 1014 848 pudor
1035 761 1185 830 servavit
1207 761 1393 831 honorem:

440 889 536 956 Hanc
559 887 658 954 fletus
677 887 802 955 vallem
822 888 915 955 laeto
937 887 1095 955 mutastis
1117 886 1274 972 olympo:

442 1015 527 1081 Dum
550 1014 657 1080 virtus
679 1014 796 1095 terris,
819 1013 898 1080 dum
922 1014 1074 1099 praemia
1096 1013 1203 1081 laudis
1224 1013 1364 1081 habebit

441 1139 591 1225 Religio,
622 1141 772 1207 vestrum
795 1138 888 1206 nullo
911 1140 995 1207 Urbs
1016 1139 1084 1206 erit
1106 1139 1284 1208 immemor
1305 1157 1401 1207 aevu.

335 1263 399 1328 400
531 1261 625 1330 Neve
648 1261 851 1329 machaonia
873 1261 988 1330 feralis
1005 1262 1155 1329 vincitur
1176 1265 1251 1330 arte

444 1387 579 1454 Morbus
603 1385 725 1474 (causa
747 1387 834 1455 latet
863 1403 1011 1474 namque
1034 1388 1103 1455 alte
1127 1390 1163 1456 et
1185 1385 1290 1473 pestis
1310 1385 1447 1472 origo),

442 1515 512 1584 Neo
534 1515 622 1600 potis
643 1517 695 1582 est
717 1513 892 1582 hominum
914 1513 1054 1581 occultis
1076 1513 1228 1582 sollertia
1250 1513 1359 1580 rebus.

441 1637 528 1704 Hinc
551 1635 607 1702 uhi
628 1635 769 1722 quisque
791 1637 884 1704 luem
905 1638 1100 1721 serpentem
1123 1636 1244 1719 sentit,
1275 1637 1315 1703 ut
1336 1636 1426 1703 esset

441 1763 588 1830 Victima
610 1764 706 1830 certa
728 1761 821 1842 neci,
850 1764 980 1830 moesto
1002 1763 1070 1830 iam
1093 1762 1194 1828 corde
1215 1761 1358 1830 iacebat.

332 1890 398 1956 405
441 1889 517 1957 Non
540 1886 589 1954 illi
613 1887 705 1953 vitae
740 1905 822 1954 cura
851 1889 912 1954 aut
941 1905 1018 1972 spes
1036 1885 1105 1955 ulla
1127 1887 1269 1954 subibat

441 2013 529 2098 Ergo
553 2028 621 2078 non
645 2011 736 2078 inter
759 2010 851 2079 cives
874 2030 939 2081 nec
961 2011 1138 2079 moenibus
1159 2011 1252 2078 urbis

442 2137 613 2205 Pestilitas
645 2139 779 2204 tantum
814 2136 914 2220 furit;
947 2136 1130 2222 improvisa
1156 2135 1295 2204 colonos

441 2260 603 2330 Pervadit
634 2261 780 2347 totisque
814 2260 931 2328 furens
960 2261 1143 2330 bacchatur
1176 2261 1212 2328 in
1235 2261 1335 2345 agris.

441 2388 609 2456 Robustus
630 2386 721 2454 cadit
743 2386 798 2454 hic
820 2387 957 2455 succisis
978 2405 1106 2456 messor
1128 2387 1256 2471 aristis,

314 2515 395 2582 ’410
438 2513 579 2582 villicus
601 2515 681 2595 aut,
705 2512 809 2582 fessis
830 2512 931 2581 solvit
952 2514 1033 2580 dum
1054 2530 1193 2580 vomere
1221 2519 1355 2594 tauros3

440 2637 502 2704 Hic
524 2653 610 2704 anus
642 2635 827 2720 occumbit,
862 2636 966 2704 ramis
998 2635 1245 2722 crepitantibus
1277 2635 1357 2718 igne

441 2765 525 2830 Dum
548 2761 724 2846 pulmenta
739 2761 853 2846 coquit
874 2761 991 2848 pueris
1009 2763 1045 2829 et
1067 2760 1192 2830 adorea
1213 2759 1291 2828 liba.

440 2887 528 2965 Quin
551 2889 587 2954 et
609 2885 783 2955 mortifero
804 2885 960 2972 pervadit
982 2886 1082 2954 bruta
1103 2903 1256 2967 venan03

438 3017 505 3081 Per
527 3031 663 3098 campos
685 3012 809 3098 passim
830 3015 1052 3096 sternuntur,
1076 3030 1202 3099 perque
1227 3013 1358 3079 viarum

330 3141 395 3208 415
438 3140 592 3224 Compita
613 3137 818 3224 setigerique
840 3156 917 3206 sues
947 3139 1136 3225 niveaeque
1150 3136 1302 3224 capellae

438 3269 481 3332 Et
502 3283 604 3350 caper
631 3265 667 3332 et
689 3264 844 3332 brevibus
866 3264 1022 3332 ludentes
1044 3264 1202 3332 cornibus
1224 3263 1334 3332 haedi.

438 3393 545 3477 Saepe
568 3390 676 3458 solum
699 3389 780 3456 dum
802 3389 888 3456 forto
911 3389 1009 3473 gravi
1034 3389 1092 3457 hos
1117 3388 1241 3456 scindit
1263 3391 1400 3471 aratro,

438 3515 567 3583 Decidit
588 3513 760 3598 extemplo
782 3513 901 3582 mediis
924 3515 1106 3582 moriturus
1130 3513 1167 3579 in
1189 3513 1300 3581 arvis:

439 3643 569 3728 Quique
591 3641 705 3708 alacer
727 3640 839 3707 lentas
859 3657 967 3726 equus
997 3640 1195 3726 indignatus
1226 3638 1379 3707 habenas

327 3769 393 3835 420
438 3769 502 3838 Vel
523 3766 640 3852 rapido
663 3767 790 3850 gaudet
813 3784 913 3834 cursu
945 3766 999 3833 vel
1021 3766 1176 3853 gramine
1200 3766 1332 3850 campi,

437 3893 579 3978 Segnior
600 3890 644 3960 ad
665 3891 835 3960 stabulum
857 3891 926 3959 leto
948 3893 1136 3959 succumbit
1158 3891 1270 3959 inerti.

438 4025 481 4091 lit
502 4023 643 4092 canibus
663 4023 776 4110 gliscit
798 4023 925 4106 rabies,
957 4023 1115 4108 ipsaeque
1138 4021 1312 4104 volucres,

439 4155 524 4220 Dum
547 4153 711 4234 volitant,
738 4149 864 4238 (tristis
886 4151 985 4218 tanta
1006 4148 1227 4217 inclementia
1250 4146 1355 4234 caeli)

436 4279 617 4365 Praecipiti
640 4278 736 4364 lapsu
759 4278 871 4345 media
894 4277 1084 4344 moriuntur
1106 4292 1222 4342 arena
1271 4312 1275 4320 ·

328 4406 393 4473 425
437 4409 487 4472 l'u
508 4422 657 4491 quoque,
683 4404 786 4484 Tibri,
811 4407 886 4470 tuos
908 4401 1036 4470 iniecto
1059 4402 1197 4470 flumine
1220 4418 1378 4468 moerens

437 4531 571 4612 Volvis,
604 4533 642 4599 et
663 4529 833 4598 extinctos
854 4529 961 4596 iactas
982 4527 1026 4595 ad
1049 4526 1150 4594 litora
1172 4526 1287 4612 pisces.
