3576 5376
317 482 382 552 364
867 498 982 550 velem

424 622 492 690 Vix
513 623 599 691 baec
622 621 821 707 Agrioolans
842 623 967 710 babet,
991 625 1049 710 qui
1072 641 1215 694 munere
1237 625 1338 695 terris

423 748 591 834 Fungitur
611 747 773 817 armeniis
793 750 941 835 supremi
963 749 1143 836 praesidis,
1167 767 1293 835 agmen

423 873 591 956 Advoeat,
614 875 716 960 atque
739 875 861 960 quater
883 874 988 943 denos
1009 876 1057 943 sie
1078 875 1210 945 lenibus
1231 875 1328 944 infit:

510 997 647 1084 Egrepii
669 1013 689 1064 o
711 996 870 1080 iuvenes,
893 1015 1055 1068 romanae
1078 999 1199 1068 robora
1219 1000 1337 1086 pubis,

336 1121 380 1189 30
424 1121 622 1190 Fulmineae
644 1121 788 1207 legionis
809 1121 917 1191 honos
938 1121 1085 1210 bellique
1106 1125 1280 1209 potentes:

426 1246 513 1314 Nam
534 1244 609 1330 quis
631 1263 692 1312 vos
712 1244 839 1329 agitat,
862 1245 936 1331 quis
957 1245 1026 1313 iem
1049 1246 1230 1316 lortimima
1251 1249 1367 1316 verset

426 1370 572 1439 Pectora
592 1369 629 1436 in
650 1367 853 1438 adversumt
874 1369 958 1438 deus
980 1387 1027 1437 au
1052 1388 1115 1439 sue
1136 1371 1258 1457 ruique
1280 1369 1459 1438 volunlest

425 1491 489 1571 Qui
510 1493 601 1578 regit
622 1493 802 1580 imperium
823 1493 875 1562 dis
896 1493 1142 1564 immortalibus
1163 1498 1265 1581 urget

428 1621 517 1688 Vota
538 1619 666 1688 referre
695 1619 866 1706 sacrisque
888 1621 957 1688 eris
978 1620 1156 1706 imponere
1177 1622 1287 1690 dona:

339 1743 384 1810 35
427 1745 515 1830 Ergo
537 1743 609 1811 Iovi
630 1761 762 1810 summo
782 1743 906 1829 plenae
929 1741 1117 1812 tunduntur
1137 1761 1299 1828 aberras,

426 1865 546 1935 Servet
566 1866 606 1933 ut
626 1864 832 1934 ineolumem
853 1863 1025 1950 Licinum,
1047 1867 1186 1935 tueatur
1207 1869 1244 1936 et
1264 1883 1363 1935 arms

427 1989 658 2074 Romulidum,
682 1990 806 2058 nostris
827 1991 864 2058 et
886 1989 1010 2059 unibus
1031 1994 1148 2060 areeat
1169 1990 1292 2061 hostes

512 2115 606 2184 Haeo
627 2131 780 2201 praeses:
811 2116 933 2184 eontra
946 2115 1079 2212 ,cyrion
1102 2115 1136 2178 (s)
1165 2117 1213 2185 sie
1234 2115 1360 2184 institit
1382 2133 1458 2184 ore:

428 2239 595 2325 Principis
616 2239 750 2326 imperii
773 2257 835 2307 nos
856 2240 946 2306 iumu
967 2257 1144 2326 capemere
1167 2240 1219 2310 les
1240 2243 1301 2309 est.

341 2365 385 2431 40
426 2363 461 2432 Si
482 2364 577 2432 iubet
597 2363 759 2433 adversas
780 2363 862 2432 telis.
878 2365 1011 2450 ugilare
1034 2367 1207 2449 catervas,

428 2489 602 2558 Audacter
624 2489 767 2572 ruimus,
792 2489 884 2557 vitae
906 2507 972 2559 nee
995 2507 1078 2559 eura
1099 2492 1270 2574 moratur,

428 2615 499 2682 Nee
520 2614 665 2681 mortem
687 2611 851 2700 fugimus,
875 2613 1023 2700 llrgimus
1043 2613 1104 2684 sed
1124 2615 1207 2682 vota
1228 2613 1377 2683 deorum.

431 2737 584 2821 Namque
607 2735 712 2803 Deum
733 2735 876 2805 colmsse
897 2735 1016 2804 datum
1038 2739 1091 2804 est
1112 2735 1312 2805 mortalibus
1333 2753 1457 2820 unum,

428 2859 491 2938 Qui
514 2877 628 2929 rerum
650 2859 747 2928 Sator
769 2859 986 2946 omnipotens
1007 2861 1172 2948 effulgere
1194 2861 1301 2930 solem

241 3069 243 3074 ι
343 2985 386 3052 45
430 2985 481 3050 lix
502 2983 608 3052 nihilo
630 2985 667 3052 et
688 2984 805 3052 lunam
829 2986 865 3054 et
886 2985 1049 3054 caelestia
1071 2985 1184 3054 sidera
1205 2985 1319 3069 iumit,

431 3107 495 3186 Qui
517 3125 627 3192 mare,
650 3107 708 3194 qui
729 3110 856 3193 terras,
878 3109 936 3194 qui
959 3110 1107 3196 eomplet
1130 3109 1271 3178 numine
1293 3109 1444 3192 eaelum,

431 3232 495 3311 Qui
517 3249 627 3318 genus
648 3233 769 3301 infelix
790 3233 957 3320 aequaevi
978 3234 1147 3319 sunguine
1171 3235 1274 3303 Gnati

433 3356 551 3426 Abluit
570 3359 607 3424 et
629 3358 757 3426 veteris
777 3360 916 3444 reparat
938 3359 1098 3444 contagia
1120 3358 1263 3445 eulpae3

432 3481 530 3548 Hunc
552 3497 660 3547 unum
680 3479 842 3566 eolimus,
865 3483 945 3549 tura
965 3481 1044 3549 huie
1065 3481 1278 3550 incendimus
1298 3480 1368 3548 uni.

346 3607 390 3674 50
433 3604 573 3674 Vidistis
594 3621 703 3692 nuper
724 3607 934 3690 mensum,
958 3623 1061 3693 quum
1084 3605 1261 3694 splendida
1283 3605 1378 3674 eaelo

434 3729 569 3799 Auum
589 3729 680 3798 Crux
701 3729 792 3798 ulma
813 3730 1043 3816 stupentibus,
1073 3749 1237 3817 armaque
1260 3729 1384 3817 raptim

435 3854 574 3924 Vidistis
595 3871 721 3941 magno
743 3855 786 3922 ad
809 3855 955 3923 Tiberim
979 3853 1146 3941 llrgientia
1166 3855 1282 3942 signo,

433 3981 477 4048 ut
499 3979 624 4048 trustra
644 3981 746 4049 tanta
768 3979 985 4050 bendentem
1007 3979 1111 4048 caede
1135 3983 1320 4066 tyrannum

435 4105 627 4175 Vorticibus
647 4105 772 4192 rapidis
792 4105 1007 4206 absumptum
1030 4108 1067 4173 el
1088 4103 1242 4177 incubus
1263 4101 1374 4172 amnis
1394 4099 1442 4168 (θ).

350 4237 394 4304 55
436 4234 523 4300 Hinc
545 4251 613 4320 pax
634 4231 848 4316 christiadis,
870 4230 1005 4300 sublata
1026 4231 1107 4298 hine
1130 4229 1233 4312 bna,
1256 4231 1391 4315 Deoque

439 4361 505 4428 Uni
526 4359 695 4428 solemnes
716 4359 801 4427 ritus
822 4360 860 4427 et
881 4359 966 4427 turis
987 4359 1143 4426 honores

440 4489 514 4555 Heu
536 4485 672 4553 Licinus
694 4482 814 4552 miser!
839 4483 1007 4569 indignati
1031 4483 1165 4569 lblgura
1185 4479 1308 4549 christi
