3576 5376
368 538 434 604 548
765 547 850 600 runa
870 549 990 602 cavors
1013 549 1035 600 1.
1051 549 1079 600 c.
1095 549 1126 600 n.
1144 550 1178 600 u.

389 679 433 745 25
477 661 553 762 lpse
575 676 665 763 prior
688 674 854 742 tumulum
877 672 1086 761 ingreditur,
1110 674 1328 761 Gnatumque
1352 676 1523 762 sepultum

564 799 795 885 Componens,
818 797 915 866 firmo
937 799 1075 883 pectore
1099 807 1229 884 quanta
1251 800 1383 867 movet!

454 923 609 994 Crinibus
631 924 765 990 interea
787 921 869 990 lusis
890 921 1027 1008 spelaea
1049 921 1194 1008 sepulcri

567 1045 724 1132 Magdala
745 1045 889 1114 sollicito
911 1044 1141 1114 monoclero
1164 1045 1270 1130 subit;

481 1173 575 1242 Altos
596 1169 740 1242 eiltmdit
761 1170 908 1256 gemitus
929 1173 966 1238 et
987 1170 1120 1257 perdita
1142 1187 1277 1254 sensus,

390 1300 434 1365 30
565 1299 608 1366 Ut
631 1296 788 1379 demens,
813 1295 927 1378 largas
948 1294 1059 1362 omnis
1081 1294 1108 1364 it
1131 1295 1168 1361 in
1191 1295 1369 1364 lacrimas:

478 1421 652 1490 Pallentes
672 1420 803 1506 spargit
824 1417 939 1502 flores,
962 1437 1068 1505 prope
1091 1418 1212 1488 flebilis
1234 1421 1352 1490 hortus

566 1544 711 1627 Obtulit,
734 1547 770 1612 et
791 1543 896 1612 sacris
918 1543 1032 1612 oscula
1054 1545 1114 1612 dat
1134 1544 1284 1630 pedibus

478 1672 546 1738 Hos
568 1669 693 1737 dudum
715 1668 863 1736 lacrimis
884 1670 921 1736 et
942 1670 1096 1737 aromate
1117 1669 1247 1756 spargit
1269 1671 1389 1754 odoro,

567 1795 764 1879 Importuua
785 1792 860 1862 loco
882 1791 988 1877 tergit
1009 1795 1045 1861 et
1067 1793 1141 1880 ipsa
1162 1795 1284 1862 comis:

390 1921 435 1986 35
479 1918 631 1986 Conviva
652 1915 770 1984 irridet
792 1915 891 1984 ludas
912 1918 949 1984 et
970 1915 1103 1986 mordet
1124 1935 1265 2000 avarus3

568 2041 720 2112 Christus
741 2042 779 2109 at
800 2041 862 2108 hos
883 2039 998 2109 dulces
1020 2041 1127 2110 mittit
1146 2041 1191 2110 ab
1214 2059 1272 2110 ore
1295 2061 1410 2112 sonos:

481 2166 549 2234 Ah!
572 2165 675 2234 sinite
696 2165 764 2234 ista
786 2183 897 2234 meum
919 2167 959 2233 ut
979 2166 1080 2250 gutta
1102 2165 1288 2251 fragmentis
1309 2166 1419 2235 olivae

565 2291 608 2356 ut
630 2288 728 2358 nardi
750 2291 927 2374 unguento
949 2306 1070 2374 corpus
1090 2287 1233 2356 humare
1256 2291 1381 2376 queat;

480 2413 643 2483 Sanctum
665 2431 765 2500 opus,
788 2417 825 2482 et
845 2415 997 2482 vestrum
1018 2412 1176 2500 quisnam
1197 2416 1398 2482 succenseat
1418 2416 1568 2500 aegraei

396 2541 439 2607 40
569 2539 675 2606 Fama
696 2541 790 2624 pium
811 2539 876 2608 hoc
898 2537 1030 2608 facinus
1052 2540 1186 2625 tempus
1209 2538 1248 2606 in
1270 2555 1371 2606 omne
1394 2539 1491 2607 ieret

485 2664 538 2732 Sic
561 2663 628 2732 ille.
651 2664 704 2730 Ad
727 2663 894 2732 tumulum
917 2665 1022 2732 tacita
1042 2663 1124 2731 dum
1147 2665 1250 2732 nocte
1270 2662 1419 2746 sodales,

569 2789 724 2874 Longum
745 2788 936 2875 plorantes,
959 2787 1074 2856 debita
1096 2787 1314 2874 persoluunt,

484 2913 642 3002 Spiritus,
665 2913 855 2982 innumeris
876 2913 961 2982 caeli
984 2913 1154 2998 degente
1177 2913 1341 2983 ministris

568 3039 735 3127 Stipetus,
758 3039 867 3108 victor
888 3041 1020 3108 tartara
1042 3037 1143 3124 nigra
1163 3040 1260 3125 petit.

397 3168 440 3234 45
481 3165 636 3234 lillractis
659 3165 783 3234 loribus
803 3167 923 3234 vastae
946 3165 1155 3234 intremuere
1177 3182 1365 3249 cavernae,

571 3293 674 3358 Paret
695 3291 769 3373 ubi,
791 3293 828 3358 et
850 3289 1000 3357 tenebris
1020 3291 1057 3357 et
1078 3289 1154 3357 loca
1177 3291 1277 3356 senta
1298 3289 1365 3356 situ

483 3415 660 3484 Colluoeut
679 3415 790 3484 subito
812 3414 957 3483 flammis
978 3414 1212 3483 rutilantibus:
1234 3413 1351 3482 horret

572 3540 749 3622 Adventu,
773 3543 875 3626 etque
898 3540 968 3608 alto
990 3539 1064 3608 dira
1085 3555 1212 3626 pavore
1234 3538 1353 3607 domus

485 3665 660 3748 Miscetur,
685 3664 826 3734 confusa
848 3666 933 3748 ruit,
956 3664 1160 3749 latebrisque
1182 3664 1244 3731 sub
1264 3663 1350 3732 atris

399 3795 442 3858 50
574 3789 733 3876 Abditur,
756 3793 909 3860 obscenis
930 3790 1035 3878 impia
1057 3791 1157 3860 turba
1180 3790 1294 3859 fremit

486 3919 648 4001 Vocibus,
671 3918 818 3986 invisam
842 3917 964 3986 faciem
986 3921 1024 3985 ut
1047 3915 1163 3984 videre
1187 3934 1248 4002 per
1269 3916 1442 3996 umbram,

573 4045 683 4132 Atque
706 4045 797 4113 erebi
820 4045 978 4132 princeps
1000 4047 1099 4131 rapta
1121 4047 1262 4130 tropaea
1282 4041 1399 4126 gemit

487 4172 574 4240 Hinc
596 4173 706 4240 castos
727 4172 850 4240 lustrat
872 4189 991 4239 manes
1011 4169 1173 4256 sedesque
1194 4169 1345 4256 piorum,

574 4297 738 4381 Tempore
762 4294 831 4362 iam
852 4294 955 4380 longo
976 4293 1034 4381 qui
1057 4311 1158 4381 prece
1180 4293 1365 4362 sollicitant

401 4423 445 4490 55
488 4421 703 4492 Servatorem
725 4421 918 4503 hominum,
941 4420 1094 4506 votisque
1115 4419 1316 4505 urgentibus
1338 4419 1460 4505 optant

577 4549 706 4626 Felices
726 4565 857 4618 summo
878 4548 988 4620 sidere
1010 4565 1106 4634 posse
1130 4545 1204 4616 frui.
