3564 5376
700 581 813 632 LIBER
836 580 971 632 PRIMVS

337 711 577 798 oppremuque
600 725 720 780 amens
741 706 838 777 iuriis
860 707 1012 777 inlausta
1033 710 1223 778 docentem.

337 839 501 904 Evenere.
525 838 655 904 Tamen
677 835 779 903 datur
800 835 838 902 et
858 851 999 920 sperare
1020 833 1176 904 salutem.

336 963 410 1047 ipae
432 961 537 1029 etiam
561 960 695 1029 monuit
716 961 833 1042 vatam
857 976 921 1027 nec
944 957 1071 1028 deserit
1093 959 1186 1027 urbis

231 1086 294 1152 105
339 1087 382 1153 ut
403 1085 521 1172 templi
544 1086 693 1166 cineras,
726 1084 839 1152 miseri
862 1083 990 1152 solatus
1012 1085 1113 1152 Iacob

338 1211 529 1298 Reliquias3
551 1229 685 1279 sacrum
708 1210 857 1296 prudens
875 1209 1086 1279 abscondidit
1109 1209 1225 1294 ignem

338 1337 380 1404 Et
407 1338 529 1406 sancta
550 1339 587 1405 ct
608 1335 724 1404 mrrltia
748 1333 915 1403 fumosam
937 1334 1070 1404 turibus
1091 1315 1198 1403 aram.

338 1461 491 1548 Namque
514 1461 632 1529 domos
654 1460 794 1528 tandem
816 1458 954 1528 dabitur
976 1459 1189 1546 patriamque
1212 1460 1360 1542 reverti,

340 1587 495 1672 Votaque
518 1585 607 1654 ferre
631 1586 717 1667 Deo,
740 1582 953 1670 solymorum
976 1601 995 1651 a
1019 1583 1159 1670 pulvere
1182 1584 1311 1672 templa

232 1707 296 1776 110
340 1707 460 1776 Excita
482 1725 563 1775 nam
585 1709 749 1794 surgant:
774 1723 838 1774 nec
862 1724 922 1774 voa
943 1705 1195 1774 haecuumina
1217 1708 1311 1793 ligno

341 1833 485 1900 Condita
508 1835 544 1901 et
565 1835 710 1918 argento
731 1831 871 1918 capiant
892 1832 953 1899 aut
974 1849 1161 1913 marmore,
1188 1850 1252 1900 nec
1275 1851 1336 1901 vos

340 1959 452 2026 Turba
474 1957 636 2043 frequens
657 1957 761 2025 stulto
783 1956 950 2044 abripiat,
973 1973 1062 2042 quae
1081 1959 1184 2044 capta
1205 1977 1331 2044 pavore

340 2055 559 2170 Insequitur;
583 2083 752 2168 Iudaequc
776 2083 881 2149 Deum
903 2080 1013 2148 solum
1034 2099 1107 2152 ease
1130 2084 1311 2152 colendum

339 2207 464 2291 Dicite,
496 2209 532 2274 et
554 2206 721 2275 Isaoidum
743 2207 837 2292 leges
857 2208 994 2275 servate
1014 2225 1199 2276 sacrorum.

233 2334 296 2402 115
341 2335 434 2402 Haeo
454 2333 572 2400 dicem
593 2330 717 2399 animis
737 2332 852 2413 ardet,
876 2331 1051 2419 maiorque
1066 2333 1201 2402 videtur

341 2458 504 2544 Princeps
524 2457 596 2542 ipse
617 2455 702 2539 sibi,
725 2455 913 2542 dextraque
936 2456 1112 2526 volumina
1133 2457 1223 2527 tollit

341 2583 438 2652 Vatia
460 2582 684 2651 Amosiadao:
708 2581 845 2667 quantis
867 2581 1031 2650 convulsa
1052 2583 1177 2667 ruinis,

340 2709 557 2791 Conclamat,
581 2707 754 2794 Babylon!
779 2706 965 2776 chaldaeae
986 2708 1097 2795 gloria
1117 2711 1232 2795 gentis

341 2837 606 2922 Regnorumque
627 2837 766 2922 potans,
797 2833 961 2902 Sodomae
983 2834 1168 2924 similiaque
1191 2839 1399 2906 Gomorrhac

234 2962 297 3029 120
342 2961 472 3030 Occidit
493 2962 581 3031 hau!
605 2960 775 3046 Babylon,
799 2978 967 3048 nusquam
991 2964 1067 3048 poet
1088 2963 1161 3032 fata
1183 2964 1352 3049 resurget!

341 3087 404 3154 Hic
425 3084 483 3154 ubi
504 3085 647 3154 deliciae
670 3103 791 3172 regum
814 3084 990 3173 molliaque
1015 3085 1170 3173 voluptas

324 3210 534 3294 'tlasyrium
558 3226 650 3276 nunc
672 3206 856 3294 pervolitat
878 3209 1096 3295 nigrantibus
1117 3209 1181 3277 alia

343 3335 492 3417 Noctua,
525 3351 666 3402 securae
688 3334 775 3402 latet
789 3335 833 3401 ‘et
853 3333 1017 3420 spelunca
1039 3335 1200 3417 leaenae;

343 3459 515 3528 Flebilitar
534 3459 685 3526 stridunt
707 3457 838 3540 ululae,
863 3459 1012 3527 tentoria
1035 3460 1148 3528 lautus

234 3584 298 3654 125
344 3585 419 3653 Non
441 3585 498 3654 hio
520 3586 596 3671 tigit
619 3585 742 3668 Arabs,
765 3584 912 3671 pecudes
933 3603 997 3655 nac
1019 3587 1179 3671 gramina
1200 3592 1362 3674 pascunt;

343 3711 469 3778 Luctus
489 3711 632 3797 ubique,
654 3728 778 3796 pavor,
809 3711 904 3778 necis
926 3713 962 3778 et
985 3711 1226 3781 moestissimus
1248 3713 1376 3782 horror.
1521 3721 1525 3728 '

432 3837 486 3904 Sic
507 3835 575 3904 ille.
596 3837 642 3903 At
664 3834 784 3904 Daniel
805 3836 953 3921 primum
974 3837 1161 3905 moerentis
1182 3838 1303 3922 Iudae,

343 3963 508 4047 Tempore
532 3979 598 4047 quo
620 3962 739 4046 captus
760 3959 969 4047 Babylonem
988 3962 1177 4030 advenerat
1199 3963 1333 4046 urbem,

342 4085 385 4152 Et
404 4085 507 4152 decus
529 4087 566 4152 et
587 4083 743 4152 columen
767 4083 878 4152 fulsit:
901 4084 1018 4153 divina
1041 4086 1145 4154 lbturi

235 4211 297 4276 130
343 4209 432 4278 Nam
455 4227 553 4278 mens
575 4212 628 4278 est
650 4209 698 4276 illi
722 4210 950 4298 devinctaque
973 4212 1086 4296 gratia
1110 4231 1247 4298 regum,

343 4337 456 4423 Atque
480 4355 558 4405 usus
580 4355 695 4404 rerum
718 4339 821 4424 atque
844 4339 947 4405 annis
968 4339 1149 4425 prudentia
1172 4340 1300 4408 maior:

343 4463 437 4532 Illius
456 4469 494 4532 et
515 4465 614 4532 dictis
635 4464 757 4532 mulier
781 4466 1011 4552 pulcherrima
1033 4467 1101 4534 leto

344 4589 519 4678 abripitur
539 4592 643 4660 certo.
668 4591 770 4658 Biuos
792 4611 873 4659 nam
895 4610 999 4660 caeca
1022 4591 1123 4660 libido
