3564 5376
320 497 364 563 92
554 594 559 604 ν
803 516 1041 568 nnmnnnmos

429 639 516 716 Quid
537 641 623 708 iuvit
646 659 755 727 nuper
778 658 903 728 magno
925 641 1119 710 discrimine
1142 659 1259 727 regem

427 766 637 834 incolumem
659 766 788 834 medias
810 766 901 834 inter
922 785 1075 836 servasse
1098 767 1301 854 pharetrasl

428 891 527 958 Haud
548 892 659 959 ultra:
683 891 837 974 ingratas
859 893 971 975 terras
992 894 1028 958 et
1051 891 1213 978 principis
1231 911 1332 960 arma

319 1017 385 1084 265
430 1015 560 1100 Ingrati
584 1015 773 1100 fugiamus:
802 1014 900 1084 adest
921 1014 1079 1099 fortuna3
1101 1035 1295 1104 sequamur.

430 1140 566 1209 Talibus
586 1141 718 1209 incensi
740 1159 858 1225 regem
881 1143 918 1208 et
940 1141 1114 1226 Babylona
1137 1142 1352 1229 relinquunt;

431 1266 550 1335 Castra
571 1265 710 1334 inimica
731 1267 874 1352 petunt,
899 1266 1032 1334 animos
1054 1284 1135 1335 nam
1157 1266 1244 1334 livor
1264 1266 1385 1335 adurit

517 1393 656 1459 Interea
677 1391 840 1474 Croesus,
863 1391 1040 1459 confidens
1060 1391 1246 1476 grandibus
1266 1391 1370 1459 armis

432 1520 610 1590 Chaldaeis
632 1519 805 1607 lydisque,
830 1541 970 1590 manum
992 1521 1147 1590 conterre
1172 1523 1324 1608 parabat

321 1649 387 1715 270
431 1645 556 1715 Ordine
579 1648 674 1714 stant
695 1647 808 1732 acies,
830 1647 953 1716 dextra
975 1647 1139 1733 laevaque
1163 1646 1359 1732 frequentes

432 1771 590 1841 instructi
613 1771 745 1858 pedites
766 1770 954 1857 pharetris,
978 1770 1194 1858 mediumque
1215 1772 1399 1857 quadrigae

431 1895 508 1963 Rite
532 1897 655 1963 tenent
676 1894 783 1962 hastis
804 1893 886 1962 hinc
907 1894 987 1962 inde
1011 1892 1197 1962 immitibus
1218 1895 1350 1976 hirtae,

433 2019 528 2096 Quae
550 2018 676 2105 rapidis
698 2020 880 2107 raptantur
902 2019 1017 2106 equis,
1040 2020 1145 2105 atque
1166 2020 1308 2104 agmina
1330 2035 1429 2086 cursu

432 2145 632 2212 Scindentes
653 2143 724 2212 late
745 2147 925 2225 sternunt,
948 2161 1012 2212 ceu
1033 2145 1193 2230 gramina
1216 2145 1328 2214 falces.

323 2267 390 2334 275
432 2268 526 2334 Pone
549 2265 702 2352 equitum
724 2268 856 2333 turmae
877 2265 1012 2334 sistunt
1036 2269 1108 2334 Iam
1132 2266 1255 2335 bellica
1276 2266 1375 2352 signa

434 2390 633 2475 Tolluntur‚
655 2390 729 2458 diro
751 2391 918 2476 clangunt
938 2391 1006 2457 iam
1028 2408 1157 2459 cornua
1180 2393 1294 2458 cantu.

434 2514 480 2581 At
501 2516 623 2583 contra
644 2515 771 2598 Cyrus,
795 2515 950 2600 quamvis
972 2514 1062 2582 haud
1085 2515 1212 2583 viribus
1233 2515 1370 2602 aequis,

432 2639 659 2724 Aggreditur,
683 2655 819 2725 pugnae
842 2639 1045 2724 impatiens;
1069 2655 1134 2708 nec
1156 2639 1256 2726 plura
1278 2641 1448 2720 moratus,

433 2759 692 2846 Quadrupedem
714 2760 843 2828 medios
863 2759 976 2828 audax
998 2761 1171 2848 compellit
1192 2762 1230 2829 in
1252 2761 1374 2830 hostes

324 2886 390 2951 280
435 2883 496 2951 Ille
519 2882 633 2950 hinnit
655 2891 858 2969 quassatque
880 2901 1014 2966 comas,
1037 2885 1185 2952 clamore
1208 2885 1357 2953 secundo

435 3010 627 3078 Succedunt
648 3012 829 3076 Persarum
850 3010 984 3095 equites
1005 3013 1110 3097 atque
1131 3011 1257 3097 impete
1281 3029 1408 3096 magno

436 3137 652 3220 irrumpunt;
676 3152 795 3202 caecas
816 3133 928 3220 pulvis
949 3134 1159 3220 glomeratur
1181 3137 1218 3204 in
1240 3155 1349 3205 auras.

436 3259 568 3327 Emicat
588 3259 644 3328 hic
667 3258 813 3346 Neregel
835 3260 999 3328 nodosam
1022 3261 1175 3330 cominus
1198 3261 1333 3330 hastam

437 3390 660 3473 intorquens,
683 3385 875 3471 cyrumque
898 3385 1004 3470 petit:
1028 3384 1087 3454 sed
1109 3387 1264 3473 protinus
1286 3404 1368 3455 ense

327 3515 393 3581 285
436 3514 585 3597 Occupat
606 3511 698 3579 elato
720 3511 847 3596 Cyrus,
870 3510 1004 3579 cervice
1027 3511 1162 3580 revulsa

438 3636 591 3705 Concidit
613 3635 770 3720 Assyrius
798 3635 969 3720 iacuitque
1001 3635 1157 3706 informis
1178 3655 1294 3706 arena

438 3764 576 3828 Interea
597 3759 686 3827 Medi
709 3761 871 3845 torquent
891 3763 1052 3842 amenta,
1077 3761 1170 3828 volat
1190 3761 1293 3847 glans

439 3886 584 3968 Ferrea,
607 3885 727 3952 crebra
750 3884 871 3968 nimis,
894 3885 1002 3969 qualis
1022 3884 1084 3951 sub
1106 3887 1269 3972 temporis
1290 3889 1423 3954 aestum

439 4009 588 4078 Nubibus
609 4009 761 4077 obductis
782 4009 917 4094 ingenti
940 4026 1112 4076 murmure
1136 4011 1268 4095 grando

330 4135 397 4201 290
440 4131 626 4218 improvisa
646 4130 734 4212 ruit,
758 4131 904 4216 pingues
925 4133 961 4198 et
983 4131 1143 4201 verberat
1165 4151 1283 4219 agros:

438 4257 608 4326 Sternitur
630 4255 741 4324 omnis
762 4223 884 4323 humus
905 4255 1042 4338 iaculis,
1066 4260 1103 4325 et
1124 4258 1221 4344 pulsa
1244 4259 1355 4325 virum
1379 4259 1413 4324 vi

439 4389 545 4454 Terra
566 4383 703 4466 tremit,
727 4383 903 4469 clypeique
926 4387 1050 4452 sonant
1073 4385 1109 4450 et
1131 4383 1270 4452 cassidis
1289 4401 1383 4452 aera.

443 4513 528 4589 Quid
551 4511 698 4580 referam
719 4509 906 4578 horrendas
927 4509 1041 4578 clades
1073 4513 1110 4578 et
1131 4529 1274 4596 corpora
1296 4510 1422 4595 passim
