3564 5376
677 558 788 610 tinnit
812 557 946 610 PRIMVS

318 683 510 750 Incertum:
536 684 691 770 quisnam
714 685 844 753 erranti
868 682 1071 751 monstrabit
1092 681 1190 749 ovilis

319 809 521 877 Pastoremt
544 813 688 894 Tamen,
713 812 781 879 heu
804 810 936 879 clades!
961 807 1133 876 divellitur
1156 805 1288 889 Anglus

207 933 273 998 300
318 933 345 998 E
366 951 491 1019 grege,
514 935 757 1022 ductoremque
780 935 867 1018 odit;
890 934 1074 1002 Germania
1096 931 1187 1016 turpi

319 1059 418 1127 Falsa
440 1061 513 1128 viro
535 1060 658 1128 Christi
683 1062 829 1148 pecudes
850 1063 886 1128 et
911 1077 1039 1147 pascua
1060 1056 1200 1144 spernit

319 1179 462 1268 Mystica
484 1203 587 1271 quum
610 1187 717 1254 tantis
737 1186 890 1272 agitetur
912 1185 1033 1269 cymba
1056 1180 1232 1268 procelle,

319 1311 393 1393 lpse
416 1310 661 1393 gubernaclum
682 1311 821 1393 ducam,
844 1309 1039 1394 primusque
1062 1306 1244 1391 Magister,

317 1433 438 1502 ltaliae
459 1435 578 1519 decus,
602 1439 639 1504 et
659 1436 852 1504 servabitur
873 1434 957 1503 itala
980 1433 1089 1502 tellus.

209 1559 275 1626 305
408 1561 566 1645 dixerat3
596 1563 632 1630 et
657 1561 767 1630 lausto
790 1561 995 1628 Laurentius
1016 1557 1129 1626 omine
1153 1557 1265 1642 gestit.

319 1685 346 1750 O
369 1685 443 1752 Dux
464 1684 624 1770 militiae,
647 1685 762 1754 divum
786 1685 984 1766 fortissime,
1016 1683 1144 1765 subdit,

319 1810 433 1878 Ardua
455 1801 611 1897 quaeque
636 1809 725 1879 ierat
746 1810 867 1878 saeclis
896 1788 1088 1876 labentibus
1109 1809 1222 1890 aetas,

318 1933 372 2000 Nil
396 1933 665 2018 formidandum,
701 1935 837 2022 quando
860 1935 946 2002 haec
969 1933 1030 2001 tibi
1053 1949 1135 2000 cura
1158 1933 1310 2010 tuorum;
1428 2001 1434 2012 ,

318 2061 424 2138 Nam,
450 2061 629 2147 postquam
652 2061 756 2128 caelis
777 2060 920 2127 immani
943 2057 1039 2126 clade
1062 2059 1245 2125 draconem

208 2183 275 2248 310
318 2183 485 2270 Depellis,
510 2185 690 2253 misemm!
713 2186 933 2270 aeternisque
956 2183 1156 2250 rudentibus
1177 2184 1312 2262 arctas,

318 2315 364 2380 Te
387 2312 488 2381 laetis
511 2331 722 2400 quacumque
744 2315 834 2381 subit
854 2313 998 2382 victoria
1019 2311 1149 2399 palmis.

319 2440 430 2522 Heus,
454 2440 559 2524 bone,
586 2441 859 2528 quandoquidem
882 2440 973 2510 iacili
995 2458 1050 2507 me
1073 2437 1238 2524 conspicis
1260 2454 1319 2503 ore

318 2565 430 2633 Dulcis
451 2567 487 2633 et
508 2564 646 2654 alloquii
669 2568 876 2634 immeritum
899 2565 1051 2650 dignaris
1074 2564 1219 2645 honore,

320 2693 388 2775 Ne,
411 2710 534 2779 precor
557 2693 617 2762 ab!
641 2713 776 2780 pugnas
798 2696 834 2761 et
855 2691 1001 2779 grandia
1024 2691 1115 2760 facta
1136 2689 1265 2758 referre

208 2815 274 2881 315
319 2817 366 2882 Te
388 2816 523 2900 pigeat,
545 2819 729 2904 partesque
752 2834 901 2902 superna
921 2816 959 2882 in
981 2814 1060 2883 sede
1083 2811 1288 2899 triumphos;

318 2936 406 3004 Nam
428 2938 585 3024 quisnam
607 2939 746 3024 ignorat
768 2938 858 3025 quod
880 2939 924 3005 sit
947 2937 1008 3005 tibi
1031 2938 1132 3003 robur
1153 2936 1189 3003 et
1213 2932 1303 3002 ensis

319 3061 441 3129 Inuicti
463 3063 571 3130 virtus
591 3064 801 3150 abreptaque
824 3064 924 3147 signa
945 3060 1085 3130 rebellil

319 3185 429 3271 Digna
450 3187 555 3272 petis,
580 3187 725 3256 Michael
746 3187 815 3270 ait,
838 3187 945 3256 etsie
968 3185 1072 3254 farier
1094 3183 1180 3252 infit.

405 3312 468 3388 Qui
493 3311 558 3379 fuit
578 3315 777 3395 aeternum,
793 3312 850 3398 qui
866 3313 934 3394 est,
956 3287 1202 3396 aeternu'mque
1220 3307 1369 3389 futurus,
1408 3387 1414 3398 Ι

209 3433 275 3500 320
319 3435 427 3519 Dixit,
449 3439 487 3504 et
507 3454 528 3504 e
550 3436 666 3519 nihilo,
689 3437 792 3506 caelis
813 3439 853 3504 ut
874 3436 986 3504 sidera
1009 3437 1167 3522 posthac,

320 3563 492 3630 Innumeri
515 3563 562 3630 sic
585 3563 706 3648 aligeri
729 3561 835 3630 felicis
857 3562 984 3647 olympi

175 3747 178 3752 .
318 3685 416 3754 Cives
437 3705 482 3754 en
504 3688 646 3770 adsunt3
671 3705 742 3754 non
765 3688 920 3755 omnibus
942 3704 1054 3774 aequa
1077 3687 1244 3770 potestes;

319 3813 468 3878 Ternum
478 3829 615 3896 agmen,
626 3811 835 3897 totidemque
844 3811 965 3879 choros
974 3810 1129 3897 quodque
1138 3825 1264 3894 agmen
1277 3805 1442 3886 habebat;

319 3935 451 4005 Emicat
472 3938 535 4006 hos
555 3937 648 4006 inter
671 3938 803 4006 cunctis
825 3939 1054 4024 praestantior
1075 3955 1164 4004 uuus

211 4059 278 4126 325
322 4060 535 4146 Splendidior
558 4063 706 4143 cunctis,
732 4065 771 4130 ut
792 4062 913 4130 lucifer
934 4062 1060 4130 emicat
1082 4061 1190 4130 astris

320 4185 477 4254 Nondum
504 4189 598 4256 terra
617 4187 703 4274 polis
724 4189 812 4256 haec
835 4188 1036 4256 volvebatur
1057 4187 1223 4274 utrisque,

320 4311 397 4378 Non
420 4314 532 4380 metae
556 4331 687 4394 rerum,
711 4330 782 4380 non
804 4313 1056 4382 alternantibus
1078 4312 1170 4381 horis

320 4434 489 4502 Extiterat
511 4436 662 4521 tempus,
686 4451 751 4504 nec
773 4434 840 4518 sol,
864 4454 930 4503 nec
951 4435 1064 4503 sidera
1081 4434 1199 4514 'caelo;

320 4558 431 4634 Quum
452 4559 549 4628 Sator
570 4563 733 4629 aeternus
755 4560 921 4630 caelestes
942 4560 1088 4628 advocat
1110 4575 1246 4642 omnes,

1301 4719 1316 4763 2
