3576 5376
345 510 409 576 396
893 525 1007 576 vlam

454 647 617 714 Dentibus
638 645 780 728 excisis,
804 650 841 714 et
861 665 1004 733 spumea
1032 645 1153 732 pocula
1175 645 1331 730 complet

452 771 620 840 Cinnama
644 771 776 840 misceri
800 791 922 858 parcas
936 777 972 838 et
994 775 1166 854 aromata,
1189 772 1216 838 si
1239 771 1310 854 vis,

366 897 410 963 25
455 897 506 964 Ne
530 896 659 964 calidus
680 899 837 964 ventrem
861 899 897 964 et
918 895 1119 982 praecordia
1139 899 1271 963 torreat
1301 895 1429 962 humor.

451 1021 583 1090 Delibes
604 1024 702 1088 suctu
725 1021 923 1108 mellitaque
948 1020 1098 1088 crustula
1120 1019 1252 1106 iungas.

453 1140 548 1208 Potio
571 1149 673 1227 quam
697 1143 813 1208 nostro
834 1140 961 1224 duleis,
993 1159 1095 1226 quam
1116 1144 1218 1226 grata
1239 1140 1376 1224 palato,

452 1263 669 1340 Quinetiam
690 1264 795 1350 capiti
819 1265 906 1332 fesso
929 1265 1173 1350 stomachoque
1202 1261 1363 1330 salubris!

451 1391 538 1456 Nam
561 1389 648 1456 bene
672 1392 709 1456 tu
732 1406 919 1472 memoras,
943 1391 1082 1472 Frater,
1114 1387 1197 1454 milri
1220 1387 1352 1455 viscera
1375 1385 1510 1452 morbus

362 1515 405 1581 30
449 1515 558 1590 Quum
581 1517 757 1601 torqueret
780 1519 898 1598 atrox,
921 1517 1123 1598 arceretque
1146 1511 1303 1598 improba
1326 1511 1450 1578 febris·

450 1640 606 1726 Quosque
629 1639 737 1722 cibos,
763 1639 857 1706 illam
880 1641 1017 1706 tantum
1039 1656 1110 1705 non
1131 1637 1261 1724 respuit
1281 1655 1395 1722 aeger.

450 1763 566 1831 Indica
587 1763 616 1830 si
639 1764 721 1831 mihi
745 1763 838 1832 cordi
862 1767 916 1831 est
936 1764 1051 1849 polio,
1078 1780 1150 1829 non
1173 1779 1237 1846 ego
1259 1765 1354 1830 certe

451 1885 587 1954 Planini
610 1903 769 1972 spernam
792 1885 887 1954 collis
908 1865 970 1954 tua
992 1903 1149 1967 munera,
1174 1885 1329 1953 Bacche:

451 2009 605 2078 casamo
628 2011 722 2079 onim
743 2011 832 2079 dulci
859 2011 1016 2079 antefero
1040 2011 1215 2096 veterique
1239 2010 1419 2097 phalerno,
1544 2082 1549 2093 ,

362 2137 407 2204 35
450 2138 493 2203 nt
514 2135 666 2204 numeris
696 2153 868 2222 generosa
889 2134 975 2203 meis
997 2137 1034 2202 et
1056 2135 1148 2204 lenia
1170 2135 1298 2203 tollam

537 2257 601 2324 Sed
623 2257 692 2325 iam
717 2257 806 2325 terre
831 2255 954 2342 pedem
976 2257 1064 2324 ruris
1085 2275 1147 2343 per
1168 2257 1286 2342 aprica
1308 2256 1440 2324 viarum

346 2405 350 2420 ·
450 2380 587 2448 Allioior
605 2397 864 2466 peragransque
886 2397 988 2448 auras
1010 2385 1149 2467 captare
1173 2383 1351 2468 tepentes;

451 2502 565 2570 Mollia
588 2520 738 2588 namque
760 2506 887 2572 vocant
910 2507 947 2570 et
969 2520 1046 2570 rore
1069 2503 1220 2571 nitentia
1244 2505 1352 2587 prata.

451 2631 540 2714 Ergo
562 2627 744 2696 Planinam
767 2628 863 2696 iuvat
883 2631 944 2695 aut
965 2628 1172 2696 descendere
1196 2630 1240 2696 ad
1263 2629 1405 2706 Arcem,

362 2755 406 2820 40
449 2753 601 2820 Finitimi
622 2759 684 2822 aut
707 2753 843 2822 facilem
866 2753 1017 2822 Marcelli
1040 2753 1205 2822 scandere
1230 2751 1427 2835 strumii),

451 2877 548 2946 Unde
570 2879 687 2946 oculus
710 2879 784 2946 visu
805 2877 875 2946 late
898 2880 1126 2965 circumspicit
1147 2897 1249 2964 agros

449 3003 627 3070 Florentes
657 3001 833 3088 vallesque
855 3021 959 3072 cavas
989 3007 1093 3090 atque
1116 3005 1240 3090 oppida
1261 3005 1360 3072 celsis

449 3126 573 3195 Addita
595 3127 799 3195 vorticibus:
831 3131 930 3214 parte
952 3146 994 3198 ac
1017 3147 1105 3216 quae
1128 3129 1241 3214 vergit
1262 3130 1307 3196 ad
1328 3132 1461 3210 ortum,

451 3252 587 3321 Adriani
610 3253 699 3321 vada
720 3253 809 3322 salsa
831 3254 952 3336 maris,
976 3272 1131 3340 quaeque
1153 3255 1276 3340 aspicit
1298 3257 1471 3334 austrum,

363 3379 407 3444 45
451 3377 589 3447 Summa
610 3379 785 3465 Apennini
807 3381 904 3466 iuga,
928 3397 1015 3467 quae
1041 3381 1264 3464 tamenne
1288 3385 1405 3448 vatum
1427 3379 1461 3436 (⁴)

450 3505 641 3588 Ausoniae,
664 3523 823 3591 sensere,
845 3525 941 3574 sacro
962 3525 1068 3592 quum
1090 3507 1242 3576 carmine
1265 3509 1386 3574 cantas

448 3637 538 3710 tluos
560 3633 634 3702 iera
654 3632 819 3719 supplicia
840 3633 1040 3702 excruciant
1063 3631 1286 3718 flammaeque
1310 3647 1479 3718 perennes

450 3757 515 3826 Vel
535 3776 619 3843 quos
642 3761 806 3826 exercent
828 3758 989 3845 purganti
1014 3775 1151 3828 carcere
1172 3775 1305 3844 poenae

355 3955 361 3962 ,
448 3883 580 3958 Quosve
603 3885 690 3950 Deus
711 3885 812 3950 vocat
834 3883 878 3951 ad
900 3901 1039 3970 superos
1063 3887 1100 3951 ut
1123 3901 1208 3969 pace
1232 3883 1397 3951 truantur.

362 4011 405 4078 50
537 4010 630 4078 Haec
652 4009 727 4078 loca
748 4008 828 4078 dum
850 4012 988 4096 relego,
1012 4011 1082 4080 cari
1106 4011 1316 4079 comitantur
1338 4009 1460 4093 amici,

448 4137 573 4205 Doctus
594 4139 741 4206 Ioannes
762 4137 899 4222 rhetor,
924 4141 982 4225 qni
1004 4139 1106 4223 tingit
1128 4138 1285 4206 alumnos
1310 4133 1345 4194 (⁵)
1435 4225 1438 4232 γ

449 4261 588 4329 Artibus
609 4263 788 4347 ingenuis,
812 4266 1004 4333 dulcissima
1027 4266 1192 4351 pignora,
1218 4265 1324 4333 nostri

450 4391 551 4476 Spem
572 4391 708 4476 8(θὲὴὶ
731 4393 791 4458 aut
813 4395 953 4478 Ioseph,
978 4395 1083 4463 barba
1105 4412 1146 4462 ac
1168 4395 1297 4463 virtuts
1319 4395 1460 4464 decorus
1478 4389 1537 4474 (⁶),

451 4515 566 4602 Magni
589 4516 760 4586 Francisci
785 4519 867 4585 mihi
889 4521 1143 4590 devinctissime
1165 4522 1296 4608 proles;
1326 4613 1332 4624 ι
