3472 5360
707 553 816 605 uranu
840 556 989 606 rnumvs

246 679 312 743 550
358 681 402 747 At
426 681 477 746 vir
500 679 639 748 fallendi
664 683 891 767 doctiaeimus,
915 684 1054 768 impius,
1078 683 1210 764 audax,

357 805 503 890 Regales
525 806 668 892 Solymis
690 808 828 895 diesque
850 809 1008 877 adsciscit
1030 808 1175 878 honores

356 933 430 1017 Ipse
452 933 532 1015 sibi,
560 934 639 1000 dum
663 937 756 1002 terra
778 935 876 1002 novis
898 935 1064 1002 exterrita
1084 934 1190 1019 signis
1274 913 1277 921 ¹

359 1057 532 1138 intremit,
564 1060 751 1144 obtutuque
773 1077 893 1127 amens
915 1059 1094 1128 immobilis
1115 1057 1243 1128 haeret.

358 1181 493 1268 Spernit
516 1185 553 1250 et
575 1182 631 1252 ille
654 1185 777 1264 Deum,
811 1183 937 1252 crudeli
961 1187 998 1252 et
1019 1183 1162 1253 vulnere
1185 1185 1322 1270 torquet

246 1309 312 1372 755
356 1310 463 1376 Omne
486 1327 613 1395 genus,
636 1311 857 1397 geminosque
882 1313 988 1396 viros,
1012 1312 1069 1398 qui
1093 1310 1214 1378 limera
1237 1310 1386 1378 nondum

358 1433 526 1502 Translati
548 1435 682 1518 videre,
714 1451 811 1505 sacra
833 1435 1016 1506 detruncat
1038 1437 1074 1504 in
1097 1437 1201 1503 urbe:

357 1559 472 1628 Saevit
493 1563 530 1629 et
552 1562 587 1629 in
611 1562 750 1648 plateis,
779 1563 1025 1650 inhumataque
1048 1580 1190 1650 corpora
1212 1561 1343 1649 linquit.

359 1685 444 1754 Ecce
465 1689 582 1756 autem
604 1687 766 1770 Micbael,
798 1691 905 1758 nostri
928 1691 982 1758 cui
1005 1689 1154 1757 maxima
1175 1706 1277 1765 cura,

357 1811 527 1879 interimit
551 1816 739 1882 monstmm
762 1817 797 1881 et
821 1815 918 1898 iuges
939 1813 1088 1882 detrudit
1112 1815 1147 1880 in
1170 1814 1277 1898 ignes.

248 1935 313 2000 500
359 1937 442 2002 Tum
465 1954 546 2004 vero
569 1937 736 2006 Isacidnm
757 1957 861 2025 gena,
884 1957 987 2025 quam
1009 1942 1097 2008 Deus
1119 1938 1240 2024 aspicit
1261 1955 1390 2022 aequus
1403 1969 1430 2016 ‚·

357 2061 573 2130 servatorem
595 2062 771 2131 hominnm
795 2067 913 2134 noscet
919 2083 930 2148 3
960 2065 1118 2133 velamen
1142 2066 1348 2132 obumbrans

359 2185 465 2254 Corde
487 2188 609 2271 cadet3
638 2207 741 2275 pecus
764 2207 883 2258 errans
905 2191 1115 2275 ingredietur
1138 2189 1236 2258 ovile.

360 2313 497 2380 interea
518 2313 575 2398 qui
599 2312 800 2384 dormierint
821 2315 859 2382 in
881 2315 1021 2401 pulvere
1052 2315 1192 2400 longum

359 2435 543 2503 Excutiunt
563 2454 740 2520 somnum,
763 2455 906 2524 superas
927 2440 964 2506 et
988 2456 1101 2506 rursus
1121 2438 1157 2504 in
1180 2455 1282 2506 auras

247 2557 312 2624 565
357 2555 534 2624 Evadunt:
557 2557 720 2625 iuvenum
743 2576 865 2628 manus
886 2559 1053 2644 aligerum
1076 2561 1197 2628 evocat
1219 2577 1338 2627 omnes

358 2683 479 2750 iudicis
501 2682 544 2750 ad
565 2683 707 2752 solium:
732 2685 922 2754 secernitur
943 2685 1049 2771 impia
1071 2685 1172 2753 turba

358 2808 410 2875 Ad
431 2807 584 2895 laevam,
616 2810 804 2897 dextraque
828 2812 980 2880 insontes
1002 2810 1081 2878 sede
1106 2811 1281 2879 locantur:

360 2935 402 3000 Ut
425 2935 557 3020 pastor,
582 2937 657 3020 post
680 2937 793 3004 actam
815 2937 980 3018 hiemem,
1004 2954 1109 3022 quum
1131 2937 1230 3022 septa
1251 2935 1415 3020 relinquit

358 3058 466 3126 Omne
489 3075 607 3145 pecus,
633 3058 750 3128 sollers
773 3058 879 3127 olidas
901 3059 986 3146 legit
1009 3063 1092 3128 ante
1115 3059 1281 3145 capellas,

250 3183 315 3247 570
359 3185 401 3249 nt
422 3183 516 3251 ducit
538 3184 656 3252 niveas
678 3185 714 3252 in
736 3203 863 3270 pascua
892 3184 985 3253 laete
1007 3185 1171 3253 bidentes.

360 3307 590 3378 Immortalem
613 3309 748 3394 agitant
770 3309 884 3378 cuncti
908 3327 969 3395 per
998 3309 1136 3380 saecula
1158 3309 1282 3390 vitam,

359 3431 544 3500 Dissimiles
565 3436 684 3501 temen
706 3435 771 3502 ab!
797 3436 981 3520 quantum:
1006 3453 1085 3520 pars
1107 3453 1253 3521 namque
1279 3435 1393 3501 beatos

359 3555 543 3624 Caelicolae
565 3557 673 3639 inter,
698 3558 805 3626 veluti
828 3557 886 3625 lux
910 3558 1039 3642 vivida,
1064 3559 1216 3644 fulgent3

359 3681 501 3750 Horrida
523 3701 603 3768 pars
625 3681 738 3751 densis
759 3687 797 3751 at
819 3683 1024 3752 circumfusa
1045 3684 1216 3766 tenebris,

249 3808 316 3872 575
360 3809 434 3874 Heu
456 3805 568 3876 dolor!
593 3806 660 3875 heu
683 3807 849 3891 gemitus!
873 3811 1016 3878 aeterno
1039 3808 1233 3877 incenditur
1256 3807 1345 3892 igne.

447 3933 500 4002 Sic
523 3951 606 4002 vera
629 3934 754 4002 edebat
776 3933 916 4018 Daniel,
946 3937 985 4003 ut
1007 3934 1145 4021 spiritus
1165 3933 1261 4002 afflat

362 4059 388 4124 Ε
409 4057 560 4144 superis:
583 4075 686 4126 caeca
709 4076 802 4126 nnnc
824 4061 930 4128 verba
952 4061 1098 4144 ambage
1121 4058 1282 4140 revolvit,

362 4184 461 4251 Nunc
482 4183 632 4271 loquitur
646 4183 837 4252 manifesta
862 4185 1029 4268 Haerent,
1052 4184 1248 4270 stipantque
1266 4183 1461 4267 frequentes

360 4306 523 4389 Hebraei,
547 4307 740 4394 docilesque
762 4307 832 4375 alto
855 4307 941 4376 haec
963 4308 1149 4377 subcorde
1171 4307 1370 4374 recondunt.

249 4433 316 4498 580
447 4434 583 4502 Interea
606 4433 827 4502 Abramidum
850 4435 1062 4501 convenerat
1083 4433 1233 4518 undique
1256 4431 1358 4514 longo

359 4554 510 4624 Collecta
531 4557 633 4626 exilio
655 4558 802 4638 soboles,
828 4559 1020 4643 matresque
1044 4555 1176 4642 virique
