3560 5368
690 538 802 592 LIBER
826 540 976 594 uuaulvs

337 667 435 735 Nune
456 665 545 734 iusto
566 665 696 734 sociata
718 666 809 749 viro,
831 684 899 752 quo
920 666 1076 750 germine
1091 667 1198 754 Virgo

337 791 467 874 biteris,
492 793 582 860 bona
602 763 733 878 quanta
752 791 846 859 teres
867 791 1066 860 mortalibus
1086 791 1217 877 aegris,

227 917 293 983 235
338 916 543 1001 Progeniem
566 917 706 984 Aeterni
729 933 831 984 caeco
854 917 1003 984 connixa
1024 917 1087 984 sub
1108 917 1229 984 antro!

338 1039 401 1106 Hie
422 1055 484 1106 rex
505 1037 543 1106 in
564 1038 706 1125 populos
727 1056 862 1123 omnes,
886 1038 966 1107 huic
987 1038 1118 1124 legibus
1139 1039 1259 1126 aequis

338 1163 496 1246 Regnum
519 1161 605 1246 erit,
628 1165 666 1230 et
687 1160 813 1230 mundo
828 1161 948 1230 -felioia
970 1164 1141 1249 tempora,
1164 1181 1284 1249 paoem

339 1285 470 1354 Excelsi
493 1288 627 1355 montes
647 1291 811 1356 resonent
833 1287 1006 1373 vallesque
1030 1287 1235 1374 prolbndae:

339 1411 549 1496 Pauperibus
569 1429 631 1479 sua
653 1411 729 1479 iura
749 1411 857 1494 dabit,
880 1411 994 1497 capita
1015 1411 1087 1480 alta
1109 1414 1287 1498 potentum

230 1535 297 1601 240
342 1535 524 1620 Conteret,
547 1536 584 1602 et
605 1534 727 1603 solium
748 1535 873 1617 stabit,
896 1536 977 1602 dum
1000 1538 1102 1604 nocte
1124 1539 1284 1605 tenebras

341 1661 439 1726 Luna
462 1659 558 1743 luget
578 1659 738 1745 claraque
760 1659 851 1726 diem
874 1641 1103 1746 sollampade
1126 1660 1268 1741 lustret;

342 1786 546 1870 Pergratum
568 1783 675 1852 veluti
696 1783 826 1868 'campis
847 1783 1023 1852 arentibus
1044 1785 1188 1852 imbrem

342 1907 529 1974 Effundunt
550 1909 676 1990 nubes,
699 1907 818 1992 generi
842 1907 923 1976 data
945 1925 1089 1976 munera
1109 1908 1203 1994 pacis

340 2031 393 2098 Sic
415 2037 451 2099 el
473 2031 644 2116 iustitiae,
667 2001 776 2100 donec
799 2031 866 2099 duo
886 2031 1020 2100 lumina
1043 2031 1187 2116 talgard.

230 2157 298 2224 245
343 2159 414 2224 Nec
436 2159 564 2224 metam
587 2157 720 2242 imperii
743 2157 932 2242 Euphrates
953 2156 1067 2238 dabit;
1089 2161 1127 2225 at
1149 2174 1243 2224 mare
1265 2172 1429 2240 magnum

343 2282 429 2349 Hinc
451 2284 556 2368 atque
578 2281 659 2348 binc
682 2280 838 2349 claudet:
862 2283 1051 2367 prostratus
1072 2281 1212 2369 pulvere
1236 2281 1345 2364 linget

343 2407 458 2476 Hostis
479 2406 642 2489 humum,
664 2407 789 2492 sceptri
812 2425 959 2494 magnus
980 2425 1082 2494 quum
1106 2407 1273 2475 terminus
1293 2405 1392 2473 orbis.

343 2534 437 2599 Dona
460 2532 576 2600 ierunt
598 2532 746 2615 Arabes,
768 2532 912 2619 supplex
933 2551 1020 2619 gens
1042 2533 1152 2600 omnis
1174 2532 1314 2612 adorat;

347 2657 434 2724 Nam
455 2655 613 2724 columen
637 2655 777 2740 misero,
800 2660 900 2742 pater
921 2659 958 2724 et
981 2658 1137 2724 tutamen
1160 2673 1292 2744 egeno:

233 2781 302 2847 250
347 2781 388 2848 Et
410 2779 511 2849 tellus
533 2779 645 2848 fundit
666 2784 803 2866 segetes
824 2783 860 2849 et
882 2781 987 2850 flavet
1007 2781 1139 2866 aristis,

347 2907 441 2982 Quae
463 2909 567 2992 caput
588 2905 776 2988 extollunt,
800 2905 896 2973 velut
917 2905 987 2973 alto
1009 2905 1157 2974 culmine
1180 2905 1294 2987 cedri;

346 3033 416 3112 Ac,
440 3033 480 3099 ut
501 3049 583 3099 vere
605 3050 694 3099 novo
716 3030 906 3118 pubescunt
929 3031 1065 3099 floribus
1086 3049 1185 3115 arva,

345 3157 398 3224 Sic
420 3156 535 3244 populi
558 3161 723 3238 crescent
749 3163 785 3226 el
808 3175 954 3244 regnum
977 3157 1091 3226 saecla
1114 3157 1251 3226 beatum

348 3282 469 3351 Dicent
491 3285 625 3366 cuncte,
649 3283 746 3351 iubar
768 3283 847 3350 solis
868 3282 949 3350 dum
971 3281 1150 3369 splendeat
1170 3281 1253 3349 orbi.

236 3408 303 3473 255
349 3406 521 3492 Incipiunt
542 3406 699 3475 miranda
721 3424 810 3475 novo
833 3407 989 3475 caelestis
1009 3407 1054 3476 ab
1075 3409 1153 3474 ortu

348 3531 513 3614 Infantis;
537 3531 649 3600 media
669 3532 806 3618 quando
829 3532 888 3598 lux
910 3533 1012 3600 nocte
1035 3533 1190 3600 coruscat

347 3653 588 3740 Fulgidiorque
610 3654 680 3739 die,
704 3655 909 3741 vigilantum
934 3654 1075 3722 innoxia
1096 3654 1203 3740 pubes

347 3779 398 3846 Ad
420 3779 590 3848 stabulum
614 3779 771 3848 manibus
793 3781 886 3866 puris
909 3779 1051 3848 donaria
1073 3778 1193 3847 defert

350 3907 395 3970 At
416 3903 547 3972 maiora
570 3905 683 3973 terent
705 3923 825 3991 reges,
848 3923 953 3991 quum
975 3904 1085 3972 sidere
1107 3902 1193 3972 caeli

240 4027 308 4094 260
353 4030 490 4096 insueto
511 4029 556 4096 ad
578 4031 726 4100 Puerum
749 4050 769 4101 e
791 4029 945 4097 domibus
967 4028 1135 4097 ducentur
1158 4025 1237 4094 eois.

351 4157 416 4225 Sed
438 4156 558 4246 loquar
578 4178 625 4228 an
647 4161 795 4230 sileamt
819 4159 1005 4227 miscentur
1025 4153 1152 4242 gaudia
1172 4153 1276 4220 luctu.

352 4282 471 4370 Effuge
494 4287 628 4355 natales
650 4289 780 4370 terras,
803 4290 885 4373 quot
909 4285 1032 4353 ibnera
1054 4280 1178 4351 cerno!

353 4409 552 4482 Plorantem
574 4412 703 4482 Rachel
726 4413 795 4481 late
818 4413 1032 4498 gemitusque
1055 4410 1213 4477 cientem.
1267 4493 1272 4506 ἱ

354 4537 503 4622 Porrigit
524 4538 708 4625 hospitium
730 4539 925 4625 Aegyptus,
949 4553 1058 4604 novus
1078 4532 1196 4604 accola
1218 4530 1302 4612 Nili;

1327 4673 1355 4720 rs
