3564 5376
323 529 366 595 88
808 543 1047 594 nnurnnnrnos

427 671 614 739 Extimulat
636 689 811 757 proceres,
843 671 982 740 incestis
1005 672 1142 757 ignibus
1165 687 1292 738 urens:

323 799 385 864 135
429 798 541 866 Solem
563 798 624 865 sub
647 797 796 864 medium
818 797 966 864 subeunt
988 797 1150 864 viridaria
1174 795 1291 863 furtim

429 923 578 991 Protecti
602 923 795 990 arboribus:
820 926 931 990 tutam
954 926 991 990 et
1014 923 1060 991 nil
1083 922 1153 990 tale
1176 923 1356 990 timentem

431 1051 599 1130 Tentant,
623 1047 829 1115 horrendum
852 1048 981 1117 scelus!
1007 1047 1054 1114 nt
1076 1065 1141 1116 nec
1164 1047 1281 1116 mollia
1302 1048 1424 1127 verba,

435 1177 503 1242 Nee
525 1190 650 1242 saevae
673 1176 814 1259 potuere
834 1174 968 1241 minae:
994 1191 1074 1241 nam
1097 1191 1205 1259 prava
1227 1173 1384 1241 iubentes

434 1301 574 1380 Horret,
598 1299 634 1366 et
656 1298 827 1383 integram
849 1300 964 1366 servat
986 1298 1061 1366 sine
1083 1298 1225 1367 erimine
1249 1298 1365 1366 vitam.

327 1427 389 1492 140
432 1427 495 1493 Ast
515 1425 564 1493 illi
586 1423 720 1510 decepti
743 1423 812 1491 alto
835 1423 982 1492 clamore
1015 1428 1226 1511 sequuntur;

434 1539 534 1618 Plebs
556 1548 625 1616 ruit
645 1546 842 1634 indignata,
864 1552 978 1617 torum
1000 1548 1143 1617 violasse
1166 1548 1314 1634 iugalem

434 1677 616 1756 incusant,
639 1675 727 1743 sacri
749 1673 878 1760 rupiffie
900 1676 937 1741 et
960 1672 1099 1742 foedera
1121 1673 1235 1742 vincli.

433 1802 475 1868 ut
497 1800 566 1868 iam
588 1818 672 1867 saxa
694 1799 830 1882 rolant,
861 1797 975 1884 populi
999 1798 1164 1866 violentia
1184 1797 1315 1883 gliscit,

436 1925 477 1991 ut
499 1925 625 1992 frustra
646 1922 682 1989 in
706 1923 865 1998 lacrimas
886 1921 1099 2007 gemitusque
1122 1921 1308 1989 effunditur
1330 1903 1452 1990 insons
1459 1941 1469 2003 3

329 2052 391 2117 145
435 2050 490 2116 Fit
512 2049 620 2130 furor,
644 2047 830 2116 obtrudunt
851 2063 968 2131 eures,
992 2048 1050 2114 via
1072 2047 1166 2114 nulla
1187 2047 1315 2116 salutis

433 2176 478 2240 llt
500 2174 627 2242 mulcet
649 2173 767 2240 Daniel
789 2171 893 2254 iram,
928 2171 1139 2260 multumque
1163 2172 1336 2241 dolentem

433 2299 568 2384 Ingenii
592 2315 702 2365 navus
724 2296 860 2364 redimit
882 2298 1071 2383 probroque
1093 2297 1248 2383 necique.

436 2426 542 2492 Fraus
563 2425 676 2509 patet,
700 2423 737 2490 et
759 2440 904 2508 poenam
926 2421 1079 2490 seniores
1099 2425 1209 2492 morte
1232 2425 1446 2510 rependunt;

434 2551 476 2616 ut
498 2551 617 2619 castae
636 2547 757 2616 merito
779 2563 923 2632 sponsae
945 2546 1031 2615 dant
1061 2547 1132 2616 lilia
1155 2566 1292 2617 nornen.

329 2679 391 2744 150
524 2673 660 2742 Talibus
682 2673 710 2741 it
730 2673 849 2740 Iudam
871 2691 988 2740 rumor
1019 2673 1167 2742 Danielis
1189 2675 1224 2741 in
1248 2693 1385 2744 omnem

436 2801 479 2869 ut
501 2801 609 2884 magis
631 2799 806 2868 increscit:
831 2799 984 2884 captivos
1005 2799 1093 2866 lenit
1114 2798 1233 2868 amicis

434 2927 496 2995 Ille
518 2925 641 3006 modis,
665 2923 852 3010 suadetque
873 2941 952 2992 suos
973 2925 1126 3010 perterre
1150 2925 1291 2996 labores.

436 3053 483 3119 At
505 3051 604 3120 Iacob
627 3051 708 3117 dum
730 3048 838 3118 multa
860 3049 968 3130 dolet,
992 3051 1188 3119 Balthassar
1210 3053 1245 3119 in
1269 3054 1339 3123 alto

434 3179 509 3246 Stat
529 3178 631 3259 solio,
654 3175 867 3263 assyriaeque
890 3178 988 3243 tenet
1011 3178 1205 3246 moderator
1226 3180 1397 3265 habenas,

329 3307 392 3373 155
436 3302 644 3390 Praegrandi
667 3320 775 3388 regno
798 3300 929 3388 pollens
949 3303 1135 3390 opibusque
1156 3306 1317 3391 superbis

437 3429 527 3498 Mille
551 3430 647 3497 videt
667 3429 729 3496 diti
752 3428 936 3497 volitantes
956 3429 1096 3498 flumine
1119 3451 1268 3519 puppes,

437 3557 644 3640 Quadrigas,
667 3571 764 3622 arma
786 3559 822 3622 et
843 3556 973 3624 celeres
994 3555 1031 3622 in
1056 3557 1143 3624 bella
1165 3558 1361 3645 phalanges

438 3687 512 3768 Ipse
534 3683 617 3748 urbe
640 3680 676 3746 in
700 3679 812 3747 media
835 3680 967 3764 regales
989 3681 1109 3750 incolit
1129 3684 1253 3752 aedes:

438 3807 592 3875 Porticus
615 3805 669 3873 hic
691 3806 830 3874 centum
852 3804 963 3873 niveis
983 3803 1121 3874 suffulta
1144 3807 1330 3893 columnis,

331 3932 393 3999 160
439 3929 601 4015 Atriaque
624 3929 660 3994 et
683 3927 785 4010 longo
806 3930 987 4012 surgentes
1009 3928 1127 3996 ordine
1151 3929 1259 3999 cellae

437 4057 626 4138 Turresque
647 4055 854 4138 aerataeque
878 4052 967 4120 tores
987 4055 1091 4139 atque
1113 4072 1220 4123 aurea
1242 4059 1343 4126 tecta

436 4178 532 4247 Felix
554 4178 639 4246 haec
660 4179 752 4247 inter
773 4179 872 4246 donis
894 4179 1051 4265 ignobilis
1073 4181 1121 4248 oti

436 4305 646 4386 Perfruitur,
669 4323 787 4372 somno
809 4305 905 4372 iuvat
927 4305 1105 4390 indulgere
1128 4308 1276 4394 iocisque

439 4434 549 4518 Atque
572 4430 690 4517 epulas
712 4431 804 4500 inter
825 4432 940 4500 dulces
962 4435 998 4502 et
1021 4433 1135 4502 mollia
1158 4436 1240 4503 vina

332 4560 394 4626 165
436 4557 585 4625 Oblitum
608 4557 720 4643 populi
745 4560 878 4644 turpem
902 4559 1080 4626 traducere
1105 4559 1222 4627 vitam.
