3564 5376
729 521 840 572 Lusus
864 522 997 572 PRIMVS

263 649 324 712 170
369 645 438 714 Ceu
459 645 643 712 mactanda
668 645 755 712 ioret
776 644 919 712 solemni
942 645 1081 714 victima
1102 647 1179 713 ritu.

369 768 500 834 Cuncta
519 767 622 834 silent
645 767 714 834 late
737 767 885 849 circum,
908 767 973 836 nisi
997 768 1089 835 mitis
1111 787 1220 854 aquae
1245 770 1320 838 sons

370 891 524 976 Erumpit
543 892 655 974 saxb,
679 893 715 957 et
736 890 825 957 dulci
848 893 1081 959 obmurmurat
1103 894 1197 960 unda
1204 911 1213 976 ;

370 1017 455 1082 Tum
477 1016 586 1101 pietas
607 1015 763 1098 insueta,
785 1033 882 1084 sacer
904 1019 976 1083 tum
1000 1016 1155 1084 cordibus
1177 1018 1305 1085 horror.

456 1139 606 1207 Advenit
626 1138 748 1206 infelix
770 1139 925 1221 invenie,
947 1139 1006 1207 sed
1028 1139 1146 1209 limine
1169 1141 1205 1207 iu
1227 1141 1300 1228 ipso

262 1268 324 1336 175
368 1265 499 1352 Spelaei
521 1263 632 1332 subito
654 1265 789 1332 occulta
812 1267 845 1331 vi
868 1265 1048 1334 immobilis
1069 1268 1211 1350 haeret;

369 1393 412 1458 ut
431 1389 579 1475 gemitus
601 1389 688 1456 altos
710 1390 779 1457 ciet
800 1392 837 1457 et
858 1407 1002 1474 magnos
1023 1390 1181 1460 ululatus.

371 1515 565 1601 Diriguere:
589 1515 696 1581 Deum
719 1516 806 1582 votis
826 1515 1011 1583 instantius
1032 1520 1178 1602 urgent,

371 1640 659 1726 Ingeminantque
680 1657 818 1725 preces:
842 1641 985 1708 mirum!
1010 1641 1212 1728 discerpitur
1233 1661 1355 1730 aeger,

371 1770 414 1835 Et
434 1767 558 1834 stridor
580 1766 799 1852 fremitusque
822 1769 858 1834 el
880 1765 986 1835 tristis
1006 1767 1179 1836 anhelitus
1201 1787 1259 1836 ore

264 1895 327 1960 180
371 1893 527 1978 spumat,
551 1894 587 1960 et
608 1893 816 1960 horrendum
838 1892 948 1976 mugit
970 1892 1173 1960 clamoribus
1193 1894 1293 1977 altis;

371 2019 455 2087 Dein
478 2017 667 2105 procumbit
687 2017 801 2100 humi,
824 2017 1020 2103 speciesque
1043 2016 1215 2086 simillima
1237 2019 1354 2087 morti:

372 2146 577 2215 dsmodaeus
598 2144 690 2226 abit,
713 2161 778 2210 nec
800 2144 893 2211 enim
915 2143 1066 2230 perferre
1090 2147 1276 2213 verendam

371 2272 573 2358 Speluncam
596 2273 728 2356 posset,
753 2269 919 2355 rediitque
940 2271 1134 2337 immundus
1153 2271 1322 2357 abyssum.

369 2399 518 2482 Erigitur
539 2396 692 2481 iuvenis,
716 2398 927 2481 matremque
949 2397 1127 2481 amplexus
1149 2401 1310 2466 ovantem

268 2529 329 2594 185
372 2525 495 2606 Erudit,
518 2526 555 2591 et
576 2515 699 2610 populo
722 2522 896 2590 immixtus
917 2539 990 2591 sese
1012 2523 1133 2591 inserit
1153 2525 1266 2592 antro.

373 2651 584 2735 Obstupuere
606 2665 726 2715 omues
737 2665 746 2729 ;
769 2649 843 2715 tum
864 2649 985 2715 Pastor
1006 2647 1093 2715 talia
1114 2647 1225 2716 fatur:

372 2776 399 2843 O
422 2773 610 2861 Sipontiui,
634 2791 703 2841 non
726 2773 906 2842 haeceine
929 2774 1069 2842 numine
1093 2775 1209 2859 magni

372 2900 459 2968 Mira
481 2900 540 2967 Dei
562 2899 668 2980 flunt,
693 2915 762 2965 non
786 2899 871 2966 haec
892 2898 1089 2985 spectacula
1111 2897 1236 2969 frustra
1248 2917 1257 2982 ;

371 3025 499 3095 Sumite
522 3025 667 3093 fidentes
688 3023 840 3108 animos,
863 3042 946 3092 nam
969 3023 1060 3093 iacta
1082 3028 1281 3094 secundant.

267 3157 328 3221 190
372 3154 530 3236 Dixerat,
553 3153 591 3218 et
611 3150 710 3236 proni
733 3151 890 3218 concordi
912 3169 996 3218 voce
1019 3155 1223 3236 precantur:

372 3279 514 3366 Spiritus
534 3279 646 3362 alme,
670 3259 771 3359 veni,
795 3279 1000 3362 nostraeque
1023 3277 1164 3347 illabere
1186 3279 1316 3362 menti3

374 3403 490 3485 ¹lime,
513 3401 614 3484 veni,
637 3404 673 3470 et
694 3401 821 3469 sanctis
843 3401 998 3469 ardescat
1020 3402 1174 3470 cordibus
1195 3404 1304 3488 ignis:

373 3531 526 3614 Namque
550 3529 653 3595 Pater
674 3527 713 3594 tu
735 3527 958 3613 pauperibuS,
982 3530 1021 3595 tu
1044 3546 1186 3596 munera
1209 3529 1324 3597 donas.

372 3655 405 3722 Si
427 3655 550 3722 lustres
572 3653 724 3735 animos,
747 3671 846 3721 casus
867 3653 986 3722 solaris
1008 3657 1169 3737 acerbos,

267 3783 329 3848 195
373 3782 415 3848 ut
438 3780 594 3847 lacrimas
617 3780 743 3865 tergis3
765 3780 899 3866 requies
922 3783 959 3847 tu
981 3783 1076 3848 certa
1098 3781 1271 3862 laborum,

375 3909 497 3974 Aestus
518 3906 669 3972 lenimen
681 3923 691 3988 ;
714 3908 775 3973 tua
796 3905 854 3972 lux
876 3906 934 3973 ubi
957 3906 1051 3974 clara
1073 3909 1247 3992 coruscat,

374 4031 548 4116 Effugiuul
570 4030 754 4114 tenebrae,
778 4030 940 4116 perflatur
962 4033 1102 4099 numine
1125 4035 1265 4117 pectus3

375 4158 422 4225 l'e
443 4156 517 4224 sine
541 4155 590 4221 nil
611 4155 759 4223 caeleste
781 4157 900 4224 datum
923 4157 1120 4225 mortalibus
1142 4159 1255 4244 aegris
1267 4177 1276 4240 ;

374 4281 491 4350 Abluis
512 4282 548 4349 et
568 4282 703 4364 sordes,
727 4281 901 4366 perfundis
923 4285 959 4350 et
980 4282 1076 4350 arida
1098 4301 1194 4367 rore,

265 4411 331 4476 200
374 4407 495 4477 Saucia
515 4412 551 4476 tu
573 4407 680 4490 lenis,
704 4410 742 4475 tu
763 4426 917 4494 quaeque
939 4409 1162 4478 adamantina
1184 4411 1311 4494 dectis3

376 4537 466 4603 Dura
489 4536 601 4622 rigore
625 4535 738 4620 loves,
762 4539 855 4605 recto
877 4537 968 4620 regis
990 4537 1084 4606 invia
1105 4555 1220 4620 cursu,
