3472 5360
638 533 748 584 blena
782 533 962 584 SECVNDVS

299 664 444 746 Ignarus
466 661 555 742 veri,
580 678 680 728 cursu
702 679 776 729 sese
799 661 870 747 ipse
893 661 1038 746 fatigat,

301 785 402 874 Turpi
425 786 628 854 commixtus
649 787 787 873 pecori,
810 789 1018 874 recubatque
1041 789 1103 855 sub
1127 788 1265 872 umbra,

301 914 350 980 Ac
372 931 506 981 rursum
529 915 672 999 urgetur
694 913 810 995 iuriis,
835 931 962 1000 perque
985 913 1064 980 avia
1087 930 1215 999 perque

198 1041 255 1106 125
302 1039 411 1106 Antra
434 1040 544 1125 gemit
565 1039 713 1107 lacrimis
735 1041 771 1106 et
793 1040 960 1108 luctisono
984 1039 1137 1126 mugitu:
1277 1076 1282 1090 ·

302 1166 479 1252 Quumque
501 1165 617 1250 polum
639 1183 708 1233 nox
729 1169 807 1233 atra
829 1164 1047 1233 humentibus
1068 1165 1201 1250 obtegit
1222 1165 1367 1245 umbris,

302 1291 513 1357 Moerentem
535 1289 760 1376 attritumque
784 1289 903 1358 humili
925 1293 962 1358 et
984 1289 1105 1358 tellure
1128 1290 1310 1358 cubantem

300 1411 479 1480 Obducunt
501 1411 608 1494 rami,
632 1412 717 1480 roris
739 1413 914 1499 perfundit
936 1415 973 1482 et
995 1413 1125 1480 humor.

300 1539 375 1606 Heu
397 1537 519 1606 miser!
544 1540 682 1606 Interea
705 1540 884 1607 mutantur
907 1542 1063 1625 tempora
1085 1541 1239 1624 septem;

192 1665 256 1730 430
302 1665 380 1731 lisso
404 1665 511 1731 Deum
535 1662 646 1731 noscit
669 1665 810 1732 mndem
832 1667 868 1732 et
890 1665 1055 1733 demissus
1076 1667 1216 1734 adorat:

303 1786 467 1855 Redditur
489 1786 570 1856 hinc
593 1787 665 1856 urbi
690 1806 888 1874 vacuaeque
912 1789 1077 1858 cubilibus
1098 1789 1208 1858 aulae.

389 1914 483 1980 Tunc
505 1911 563 1980 ille
585 1911 675 1980 baud
691 1912 853 1980 meritum
875 1915 1011 2000 magnis
1026 1933 1080 1982 me
1095 1914 1285 1999 insignibus
1307 1919 1427 1998 ornat,

301 2037 515 2124 Principibus
535 2037 681 2124 satrapis
702 2038 874 2124 praefert,
899 2042 935 2108 et
957 2039 1085 2108 murice
1108 2039 1226 2124 cingit

303 2165 373 2232 Nec
395 2165 514 2231 tamen
536 2162 589 2230 bis
610 2179 771 2230 moveor:
795 2181 897 2244 carae
919 2182 976 2233 me
998 2165 1113 2250 tangit
1133 2168 1233 2234 Iacob
1310 2163 1315 2172 ”

191 2292 257 2358 435
300 2288 411 2356 Dulcis
432 2307 530 2356 amor
550 2287 693 2372 sobolis,
716 2289 836 2375 patriis
858 2307 946 2376 quae
968 2291 1092 2358 linibus
1114 2291 1194 2358 exul

302 2415 410 2500 Capta
431 2415 550 2481 manet
573 2413 757 2499 Babylone.
781 2413 853 2481 Ah!
877 2432 959 2497 rex,
982 2415 1011 2483 si
1034 2415 1115 2502 qnid
1138 2434 1215 2484 mea
1237 2423 1378 2502 possunt

302 2541 413 2624 Vota,
435 2558 577 2628 precor,
600 2557 645 2608 ne
667 2539 766 2609 triste
787 2558 898 2625 genus
919 2558 964 2609 ne
987 2541 1121 2627 despice
1143 2544 1264 2611 Iacob:

302 2669 413 2754 Atque
436 2665 570 2734 utinam
593 2664 710 2733 natale
734 2665 843 2734 solum
865 2669 1084 2753 montemque
1107 2667 1217 2737 Sionis

303 2792 422 2860 Visere
443 2791 513 2858 iam
535 2809 669 2858 rursum
691 2791 814 2874 liceat,
837 2792 1024 2879 templique
1046 2793 1192 2862 iacentis

117 2927 122 2940 “
192 2923 257 2988 440
303 2919 354 2988 Sit
375 2917 472 2986 nobis
494 2917 633 2984 tandem
656 2917 708 2986 sas
728 2917 921 2987 instaurare
944 2919 1084 2986 ruinas!

303 3046 464 3113 Extrema
486 3044 572 3112 hacc
594 3042 714 3111 Daniel
736 3043 817 3111 dum
840 3044 952 3126 fatur,
976 3043 1107 3112 lumina
1129 3046 1236 3131 guttis

304 3174 431 3239 Irrorat
452 3169 578 3256 largis:
601 3169 698 3237 illum
719 3168 847 3256 excipit
868 3187 951 3237 aure
977 3171 1128 3256 benigna

303 3299 430 3383 Cyrus,
453 3298 491 3364 et
512 3296 648 3364 intento
670 3295 843 3364 dicentem
865 3295 994 3363 lumine
1018 3296 1161 3380 lustrat,

303 3424 513 3509 Miraturque
535 3423 672 3507 virum,
695 3422 750 3490 cui
773 3439 871 3490 mens
893 3422 1011 3490 divina
1032 3439 1154 3490 sereno

193 3554 258 3619 445
303 3551 368 3617 Ore
391 3549 500 3633 nitet,
523 3565 711 3635 superoque
733 3548 821 3616 oculi
843 3547 1022 3633 splendore
1046 3551 1235 3618 coruscant.

305 3678 398 3741 Tunc
420 3672 490 3740 ait:
513 3674 541 3740 Ο
565 3672 703 3757 Daniel,
727 3672 842 3740 animo
864 3673 996 3758 depelle
1019 3673 1190 3742 dolorem:

305 3799 359 3868 Nil
382 3798 463 3878 tibi,
489 3797 604 3884 nilque
628 3796 695 3865 tuis
716 3797 853 3880 damni;
877 3798 958 3883 quin
983 3798 1124 3867 numine
1148 3801 1265 3866 nostro

247 3889 250 3902 ³
304 3920 459 3988 Forsitan
482 3921 519 3986 et
540 3919 712 4004 Solymam
735 3919 871 3987 dabitur
892 3920 1105 4006 patriamque
1129 3922 1265 3988 reverti.

279 4035 462 4114 'Dixerat:
487 4045 543 4113 ille
566 4045 644 4113 duci
667 4047 765 4113 tanto
787 4064 849 4132 pro
872 4064 1015 4115 munere
1038 4048 1154 4130 grates

194 4177 259 4242 450
304 4174 429 4241 Laetus
449 4171 543 4256 agit,
565 4173 792 4258 properatque
813 4171 883 4240 suis
905 4171 991 4240 baec
1012 4173 1155 4240 reddere
1177 4172 1290 4239 verba

393 4300 495 4366 Parte
518 4297 587 4366 alia
608 4298 759 4384 obliquas
780 4299 955 4385 satrapum
977 4298 1080 4366 struit
1101 4297 1219 4366 invida
1242 4298 1376 4365 fraudes

307 4427 419 4494 Mens:
443 4427 573 4495 etenim
595 4444 722 4511 magno
745 4430 860 4494 vatem
883 4429 1047 4513 reparator
1067 4443 1183 4494 amore

293 4533 548 4639 'Prosequitur3
572 4572 653 4623 nam
676 4572 763 4640 quae
787 4571 857 4621 non
880 4554 994 4638 tangit
1017 4552 1155 4638 pectora
1178 4551 1311 4618 virtus?
