3560 5368
683 767 916 852 nuncin
949 767 996 850 ll

457 1061 513 1127 DE
534 1060 672 1128 MARIA
691 1059 738 1126 IN
756 1057 990 1128 nnumin
1009 1057 1222 1126 evomitis

342 2157 385 2224 Ut
406 2155 524 2224 sancti·
540 2155 652 2241 Reges
673 2152 788 2221 sulem
809 2153 941 2224 subiere
964 2157 1104 2241 tyranni

429 2280 539 2367 Atque
563 2279 611 2346 illi
634 2277 751 2346 faciles
772 2277 966 2364 explicuere
989 2280 1142 2364 animos,

339 2407 413 2473 Heu
436 2409 584 2492 quantus
608 2405 701 2473 iuror
722 2405 848 2474 insedit
869 2408 942 2474 tum
966 2404 1125 2491 pectore!
1150 2406 1219 2475 iam
1242 2405 1311 2474 ism

426 2534 585 2618 ignotum
607 2531 739 2601 excidio
760 2531 902 2619 perdere
923 2535 994 2601 stat
1016 2535 1172 2600 Puerum.

273 2656 295 2720 5
338 2655 425 2723 ilinc
449 2655 579 2724 monitu
601 2673 761 2742 superum
784 2656 894 2743 patrio
917 2655 959 2723 de
982 2654 1082 2725 litore
1103 2655 1210 2741 Virgo

427 2783 481 2849 ire
503 2779 625 2868 hospes
645 2782 757 2850 terras
778 2781 911 2866 cogitur
932 2782 968 2848 in
990 2781 1137 2867 pharias.

341 2904 389 2971 En
415 2906 540 2975 Natum
562 2923 720 2974 moerens
742 2905 891 2974 humoris
912 2905 1057 2992 imponit
1077 2904 1191 2988 aselli,

427 3031 470 3099 Et
489 3031 614 3117 longae
636 3032 755 3118 Ioseph
778 3031 806 3098 it
828 3049 942 3100 comes
963 3047 1070 3119 usque
1091 3030 1178 3099 viso.

264 3209 274 3218 .
338 3157 419 3232 Quis
440 3157 566 3243 poterit
589 3156 703 3226 tristes
726 3155 890 3241 ugiontis
911 3155 1024 3224 dicere
1047 3172 1146 3223 cures

254 3279 294 3344 10
424 3282 626 3366 Quantaque
650 3279 842 3368 virgineum
864 3279 1068 3348 discrucient
1089 3279 1267 3348 enimumt

339 3405 441 3473 Nulla
464 3405 560 3492 quies
588 3405 655 3491 illi,
679 3405 774 3474 nulls
796 3405 844 3472 illi
868 3407 1044 3475 commode
1066 3407 1198 3490 somni;

426 3528 544 3612 Pergit
565 3527 659 3598 enim
682 3531 806 3615 noctu,
829 3529 942 3616 pergit
963 3529 1090 3600 anhela
1111 3529 1177 3596 diu.

337 3655 406 3720 Aut
427 3671 494 3721 vox
514 3653 542 3720 si
566 3671 634 3742 quo
655 3657 779 3737 sonet,
802 3653 916 3724 ventis
938 3658 1000 3724 aut
1021 3655 1182 3724 flentibus
1202 3654 1303 3722 arbos

424 3781 623 3868 Obstreput,
646 3781 820 3850 insectans
839 3799 966 3866 agmen
988 3781 1106 3850 edesse
1129 3784 1250 3868 pavet:

250 3905 291 3971 15
334 3904 386 3972 Sic
410 3905 525 3992 procul
548 3905 585 3974 in
606 3905 701 3974 silvis
723 3905 896 3976 fremitum
919 3907 979 3974 vix
1000 3925 1104 3976 corve
1125 3907 1234 3975 leonis

423 4030 547 4113 Audit,
571 4031 781 4117 praerapidis
801 4034 880 4100 ecta
902 4031 990 4119 urgit
1012 4032 1162 4120 pedibus.

336 4157 397 4223 Ast
420 4173 489 4224 une
511 4159 594 4225 ante
617 4175 736 4226 omnes
758 4158 858 4243 felix,
881 4159 1100 4246 memphitica
1123 4158 1245 4227 tellus!

423 4282 536 4368 Felix,
558 4301 646 4370 quae
669 4285 804 4353 tantum
825 4285 971 4372 porrigis
991 4285 1182 4372 hospitium.

335 4409 397 4478 Hic
418 4411 507 4478 Deus
529 4409 607 4494 illo,
631 4410 680 4477 tui
704 4428 805 4498 quem
828 4411 906 4479 olim
930 4430 1068 4481 sensere
1091 4415 1269 4500 parentes,

246 4533 291 4600 20
421 4539 463 4604 nt
486 4537 645 4606 monstris
665 4537 773 4604 sensit
793 4509 978 4608 terribilem
1004 4539 1158 4610 Pharao:
