3560 5368
708 545 821 598 tinuit
844 545 996 598 'rnunlvs

356 669 491 740 Italicae
512 671 622 754 inter,
645 687 712 756 qno
734 669 841 737 duleis
862 672 993 754 prostat
1015 670 1149 757 imago:

356 794 499 862 Advena
520 793 691 862 tetulerat
713 793 857 860 veniens
878 791 1021 860 orientis
1042 793 1086 860 ab
1107 812 1177 863 ora.

356 921 511 1004 Longum
533 918 600 986 iter
621 915 820 1002 aggreditur
843 932 1031 1001 peragrans
1053 916 1119 984 huo
1142 919 1226 986 civis
1247 923 1283 988 et
1299 921 1437 1007 hospes,

244 1043 311 1108 300
357 1043 402 1132 T.⁰
426 1041 506 1109 colit
527 1043 565 1108 et
587 1039 734 1125 fulgenti
756 1057 840 1106 auro
863 1039 1090 1125 prosternitur
1117 1059 1216 1123 arae,

358 1167 398 1232 nt
420 1166 524 1249 caput
545 1165 583 1232 et
604 1162 740 1248 plantes
761 1164 1006 1248 peragrantum
1029 1163 1178 1248 porticus
1200 1165 1272 1232 alta

356 1287 555 1356 Fornioibus
576 1287 689 1373 longis
709 1289 834 1355 servat.
858 1287 996 1355 Festive
1016 1288 1216 1374 quotannis,

357 1411 401 1479 Ut
424 1409 546 1495 moris,
569 1409 639 1478 late
660 1409 814 1494 insignes
835 1407 1003 1478 solemnia
1023 1413 1142 1479 coetus

357 1534 576 1603 Instaurant:
600 1532 717 1601 evulsa
738 1531 808 1600 suis
829 1549 849 1599 e
871 1532 1006 1600 sedibus
1028 1534 1139 1603 omnis
1190 1613 1204 1644 ,

244 1663 311 1730 305
355 1661 441 1729 Urbs
463 1657 596 1740 tremit,
619 1659 656 1725 et
677 1656 820 1743 supplex
843 1656 987 1743 populus
1008 1675 1071 1744 per
1092 1660 1241 1745 compita
1263 1660 1391 1744 servet,

357 1788 423 1854 Per
443 1785 576 1871 plateas
597 1782 824 1867 glomeratur,
850 1800 958 1850 ovans
977 1783 1188 1852 et'oarmine
1211 1803 1308 1853 sacro

357 1909 583 1978 Parthenidos
603 1906 724 1977 recolit
745 1906 879 1990 laudes,
903 1907 1025 1978 aulaea
1048 1908 1207 1977 fenestris

356 2035 559 2122 Dependent
580 2033 679 2121 pictis
700 2036 738 2102 et
759 2033 862 2102 odoro
884 2033 966 2102 tiore
988 2035 1156 2104 corollae:

355 2163 526 2245 Odeous,
549 2179 570 2228 o
591 2161 719 2247 pietas,
743 2178 763 2227 o
786 2161 823 2226 et
844 2159 1059 2228 sanctissima
1080 2159 1207 2247 Virgo,

246 2288 312 2355 310
355 2288 599 2372 pastoremque
622 2284 837 2371 Gregemque
858 2302 1007 2371 superna
1029 2302 1073 2353 ex
1094 2303 1174 2354 aroe
1197 2286 1313 2354 tuere!

354 2410 449 2479 Haeo
469 2410 583 2478 senior
605 2412 723 2492 vates,
746 2425 866 2477 omnes
888 2410 1057 2477 mirantur
1079 2413 1114 2478 et
1135 2428 1247 2478 omen.

443 2531 589 2600 Nomine
612 2547 710 2600 mons
731 2530 810 2599 Sion
834 2531 952 2616 templi
974 2530 1137 2617 surgebat
1158 2532 1203 2599 ad
1224 2533 1400 2614 austrum;

356 2657 512 2741 Coniugii
533 2657 628 2724 loeus
649 2655 722 2741 hio,
745 2655 904 2724 convivia
925 2655 1019 2724 laeta
1041 2657 1216 2743 parantur.

354 2781 571 2852 Conveniunt
594 2781 704 2849 sociae
727 2781 870 2850 iuvenes
892 2782 1123 2868 iuvenumque
1145 2782 1347 2867 magistrae,

245 2911 312 2978 315
357 2910 398 2978 Et
419 2909 532 2976 media
554 2906 682 2976 inoedit
703 2907 877 2994 cleophon
899 2907 1058 2996 interque
1081 2908 1226 2976 Noomin

357 3031 538 3100 Parthenia
559 3029 672 3115 alma;
694 3030 791 3100 sedet
812 3030 1008 3116 pudibunda
1030 3030 1196 3100 modestia
1218 3031 1336 3113 vultu,

356 3156 488 3224 Ornatu
509 3155 618 3224 nitido
640 3154 797 3242 splendet
818 3154 979 3224 solemnis
1000 3156 1166 3224 amictum:

357 3281 471 3350 laurea
492 3281 709 3367 progreditur
728 3282 845 3351 subter
867 3282 1037 3368 tentoria,
1061 3281 1167 3368 virgis

356 3407 542 3494 Suppositis
563 3408 729 3494 quatuor,
754 3410 860 3495 pubes
880 3409 1010 3478 selecta
1031 3408 1184 3491 serebat;

247 3533 314 3600 320
358 3533 487 3602 Nobilis
508 3535 545 3602 et
566 3533 730 3618 simplex,
755 3533 891 3622 qualem
912 3533 1011 3603 deoet
1033 3551 1107 3604 eme
1129 3533 1276 3620 puellam

355 3661 561 3745 Desponsam
584 3659 700 3746 labro,
722 3660 878 3746 genitam
901 3659 1001 3728 etde
1023 3656 1193 3746 sanguine
1216 3676 1346 3744 regum.

358 3785 585 3854 Parthenidos
605 3786 654 3854 sic
676 3786 781 3855 vestis
802 3789 898 3869 erat,
921 3803 1023 3873 quam
1045 3784 1164 3872 pulcra
1187 3784 1313 3855 videri!

358 3911 505 3978 Ornatus
527 3911 663 3981 tunicae
686 3911 775 3997 tyrio
797 3912 968 3980 medioata
989 3928 1124 3980 veneno

360 4037 536 4106 Flammea
557 4037 639 4106 lana
659 4039 764 4125 tegit,
790 4014 1018 4125 dentoorpus
1039 4037 1144 4125 pallia
1166 4035 1293 4104 oiroum

247 4163 314 4230 325
357 4163 543 4248 caermea,
567 4167 604 4236 et
625 4165 739 4255 velum
761 4167 921 4233 auratum
942 4163 1088 4232 ludibria
1109 4164 1246 4245 ventis;

357 4289 495 4358 Deteret
515 4290 580 4360 hoo
602 4290 730 4378 Virgo,
753 4293 790 4360 et
811 4292 931 4377 Ioseph
953 4290 1101 4377 deponet
1122 4287 1167 4358 ad
1189 4288 1312 4370 aedes;

359 4415 536 4486 Pelluoent
558 4419 684 4504 eompti
707 4415 797 4488 tlara
818 4435 838 4486 e
860 4417 994 4487 oei-vioe
1017 4415 1145 4503 capilli,

358 4539 456 4609 Serta
478 4545 639 4627 premunt
659 4543 822 4611 contexta
844 4541 929 4611 rosis
950 4543 1129 4626 myrtoque
1153 4537 1294 4619 virenti,
