3472 5360
356 485 418 550 188
859 500 1056 552 snrsnroos

459 625 626 694 Finitimis
647 625 734 694 circi
757 625 909 696 domibus
929 627 1109 714 spissisque
1131 625 1305 706 tabernis,

459 752 556 818 Marx
578 749 634 818 ubi
658 753 729 819 tam
751 750 845 822 duae
867 754 1024 822 servatur
1045 752 1169 822 idonea
1196 750 1293 836 pesti.

352 878 412 942 110
456 874 603 961 Impiger
625 874 710 942 hacc
733 874 824 942 inter
845 875 951 946 Satan
974 875 1174 962 clademque
1198 872 1448 959 tumultumque

458 1001 652 1084 aggravat,
682 999 719 1067 et
739 999 847 1068 socios
868 999 942 1068 alta
962 999 1103 1086 regione
1125 1001 1294 1084 vagantes

460 1123 569 1210 (Quos
589 1139 727 1208 pugnae
754 1123 923 1210 ancipites
945 1126 982 1192 et
1003 1124 1136 1194 caelum
1159 1125 1196 1192 et
1223 1121 1372 1210 reppulit
1393 1137 1492 1188 orcus
1500 1119 1523 1204 1,

456 1245 629 1314 incutiant
650 1249 689 1314 ut
711 1247 780 1313 mm
799 1247 911 1316 ventis
932 1249 1127 1335 subitasque
1149 1246 1315 1334 procellas

457 1371 642 1456 inducant,
672 1372 816 1442 stimulis
838 1372 1016 1460 verbisque
1038 1374 1227 1444 minacibus
1248 1373 1358 1460 urget.

350 1501 413 1566 145
456 1499 589 1568 Africus
610 1517 689 1568 ecce
711 1500 780 1568 ruit
802 1499 934 1570 violens
960 1519 1125 1590 corusqne
1147 1503 1337 1587 notusque,

456 1620 606 1690 Flatibus
627 1621 772 1708 acquirit
793 1623 904 1692 rabies
925 1625 1084 1694 vulcania
1106 1624 1204 1692 viras

457 1747 538 1824 Quis
559 1750 724 1816 memoret
746 1749 842 1834 rigor
864 1749 1058 1834 ignivomus
1072 1753 1155 1838 quot
1172 1751 1299 1819 damna
1322 1763 1491 1832 necesque

456 1871 622 1939 Attulerit
643 1871 797 1940 miseriei
825 1892 1030 1961 quamquam
1052 1892 1121 1943 nox
1143 1877 1220 1943 atra
1243 1873 1402 1956 recessit,

456 1993 613 2061 Obrolvit
635 1995 736 2080 nigra
756 1995 868 2065 fumus
889 1997 1036 2082 caligine
1058 1995 1212 2078 caelum,

351 2119 411 2184 150
456 2117 611 2206 Eripiens
631 2119 737 2190 solem
760 2140 804 2190 ex
826 2122 947 2190 oculis:
978 2123 1105 2191 circum
1127 2121 1276 2209 undique
1298 2123 1425 2190 clamor

456 2245 613 2312 Exoritur
634 2244 742 2331 plebis
764 2248 961 2335 gemituque
984 2251 1063 2317 urbs
1086 2251 1160 2318 tota
1180 2247 1339 2333 remugit

544 2368 650 2450 11000,
677 2368 853 2438 salutifera
876 2388 964 2456 quae
986 2371 1137 2441 nondum
1161 2369 1313 2440 tinxerat
1335 2370 1427 2438 unda

458 2489 649 2574 lnlantem,
680 2493 832 2578 genitrix
854 2495 967 2564 vicino
990 2513 1010 2564 e
1033 2515 1112 2564 rure
1136 2497 1277 2566 redibat

455 2615 548 2683 Vidit
571 2617 627 2684 nbi
650 2617 782 2687 cladem
805 2619 1044 2708 firmantesque
1067 2621 1215 2708 undique
1239 2623 1357 2703 sedes,

350 2739 410 2804 155
453 2740 625 2809 Horrescit
654 2743 857 2830 moestisque
881 2745 960 2812 serit
980 2746 1179 2816 stridoribus
1201 2748 1378 2830 aethram;

456 2865 561 2949 Urget
581 2885 697 2950 amor,
721 2885 816 2936 mora
838 2870 933 2938 nulla
956 2874 1071 2954 tenet,
1094 2890 1174 2941 mox
1195 2872 1326 2960 prosilit
1347 2874 1447 2957 ignes

455 2991 494 3054 In
518 2990 645 3060 medios
666 3010 877 3080 puerumque
899 2995 1011 3081 rapit3
1034 2997 1102 3064 iam
1125 2997 1261 3084 spiritus
1283 2997 1340 3066 olli

451 3117 563 3198 aeger
585 3120 681 3199 erat,
703 3134 803 3186 rosea
823 3123 860 3188 at
882 3118 991 3206 pallor
1012 3121 1199 3192 suffuderat
1222 3142 1291 3192 ora.

454 3238 598 3307 Advolat
619 3241 663 3308 ad
693 3243 846 3328 Petrum,
878 3263 975 3314 sacro
997 3247 1196 3335 corpuscula
1219 3247 1313 3317 fonte

348 3362 408 3427 160
452 3365 675 3450 buetrenton
699 3369 801 3436 matri
822 3371 973 3440 subridet
993 3374 1141 3458 gnatus,
1164 3375 1201 3442 et
1222 3373 1292 3442 alto

453 3487 596 3558 Lumina
619 3490 823 3562 clauduntur
844 3513 984 3580 somno,
1010 3499 1166 3585 interque
1188 3499 1303 3568 oscula
1325 3499 1446 3567 matris

452 3612 553 3680 Felici
576 3633 680 3700 puero
703 3621 900 3688 reserentur
921 3621 1041 3691 limina
1063 3622 1201 3710 olympi.

541 3740 606 3806 Vix
628 3742 727 3809 tanta
749 3743 859 3812 cernit
886 3746 1038 3832 torqueri
1060 3747 1164 3816 caede
1188 3747 1355 3832 Quirites,
1399 3819 1406 3838 ,

452 3863 598 3931 Indoluit
620 3862 843 3955 lacrimasque
866 3869 1003 3940 Pudens
1025 3871 1144 3941 edbdit
1165 3891 1310 3942 amaras.

347 3984 407 4050 165
450 3985 549 4070 Cogit
570 4005 667 4056 amor
688 3990 829 4074 Christi;
853 3993 1062 4078 fngientibus
1083 3995 1197 4082 ampla
1219 4001 1400 4084 patescunt

451 4112 565 4192 Atria,
594 4113 678 4200 quin
701 4115 807 4188 etiam
829 4119 999 4205 exquiliae
1020 4121 1212 4208 penetralia
1233 4123 1330 4192 sedis.

450 4237 511 4302 Ast
534 4236 590 4304 ubi
613 4255 804 4308 marmorea
826 4243 983 4312 Laetaris
1004 4245 1092 4314 mole
1116 4245 1275 4315 columna

450 4359 611 4447 Tollitur,
634 4370 866 4452 approperant
887 4371 1034 4453 matres,
1065 4389 1149 4456 quas
1171 4390 1253 4441 cura
1276 4373 1400 4460 fatigat

450 4485 635 4570 Natorum,
660 4491 698 4556 ut
720 4487 842 4559 Christi
866 4492 974 4560 abluti
996 4493 1156 4564 vitalibus
1178 4496 1276 4565 undis
