3560 5368
682 549 792 600 ursus
817 549 966 600 usumve
1361 537 1426 600 ’300

318 677 495 762 Caeditur,
518 679 587 744 heu
610 677 735 762 pietas!
760 676 943 762 plumbatis
966 679 1128 760 fustinum
1151 681 1227 746 ater

231 807 274 870 40
320 807 351 872 11
372 804 511 889 sanguis
532 801 660 869 circum
683 803 719 868 et
733 800 890 888 ¹bibulam
914 802 1088 886 perfundit
1110 819 1253 870 arenam
1265 820 1274 884 ;

318 929 406 996 Exta
428 927 484 994 vel
506 927 580 1011 ipsa
601 927 723 1011 patent
744 924 817 993 diro
839 925 901 993 sub
924 927 1112 1010 grandine,
1138 930 1175 995 at
1198 927 1297 994 heros

319 1055 429 1138 Usque
453 1053 573 1118 manet
595 1047 747 1129 iacitus3'
763 1048 868 1116 irater
891 1069 969 1117 mox
993 1055 1135 1138 occupat
1159 1051 1264 1118 ultro:

320 1180 388 1247 Cur
408 1194 474 1262 ego
496 1175 653 1244 dedecori
676 1191 815 1259 servor,
838 1177 919 1242 dum
942 1176 1049 1244 irater
1070 1173 1199 1245 hodone

322 1298 498 1367 Adiciturl
518 1297 665 1382 geminis
689 1297 810 1364 eadem
831 1315 908 1382 spes
930 1315 1002 1364 nna
1023 1299 1188 1384 fidesque,

131 1507 142 1518 ι
231 1428 275 1492 15
319 1429 361 1492 et
382 1424 558 1509 geminos,
581 1424 629 1490 sic
653 1422 725 1506 ias,
749 1421 870 1490 eadem
894 1423 1031 1490 iortuna
1052 1427 1224 1510 sequatur.

321 1553 414 1617 Tunc
439 1548 533 1615 tlrror
555 1546 669 1614 Astasi
691 1544 825 1629 gliscit,
848 1563 913 1612 nec
935 1521 1033 1632 plura
1057 1551 1207 1615 moratus

319 1673 443 1742 Plectit
466 1674 647 1756 utrumque
670 1687 777 1754 nece,
800 1689 843 1739 ac
866 1670 936 1738 bini
960 1671 1137 1756 potiuntur
1158 1671 1294 1758 olympo

319 1801 359 1865 ln
381 1795 489 1883 patris
511 1794 647 1880 excepti
670 1793 859 1890 gremium,
884 1813 1032 1882 namque
1055 1795 1125 1882 ipse
1148 1797 1270 1865 decora

322 1921 443 1988 Vitalis
465 1921 611 2007 primum
634 1919 825 1987 celebrarat
847 1923 957 1987 morte
981 1921 1200 2003 Ravennam3

233 2049 277 2114 50
323 2047 430 2114 Notus
451 2049 488 2112 et
511 2045 568 2112 ille
593 2045 696 2126 milri,
719 2043 818 2112 simul
841 2047 878 2112 et
899 2045 1150 2130 praecinximus
1171 2063 1283 2128 arma,

320 2175 363 2240 Et
385 2172 515 2240 ruimus
535 2171 634 2239 mmul
659 2173 695 2238 in
718 2189 868 2259 pugnas:
892 2168 913 2239 d
934 2176 1064 2260 quanta
1086 2173 1160 2242 viro
1184 2174 1234 2242 vis

320 2299 457 2376 Quanta
478 2301 514 2367 et
538 2299 674 2386 religio!
699 2300 808 2376 Quum
833 2299 920 2367 loric
942 2301 1123 2368 accederet
1144 2301 1239 2383 urbi,

321 2425 371 2491 En
396 2423 607 2506 Ursicinum,
632 2425 798 2492 medicam
821 2427 879 2511 qui
902 2425 1020 2494 calluit
1042 2429 1173 2506 artem,

319 2549 527 2636 Supplicium
551 2549 721 2636 trepidare
746 2549 840 2619 videt
863 2551 929 2618 iam
954 2523 1088 2639 iamque
1112 2550 1227 2620 labare

231 2675 275 2740 55
319 2674 463 2740 Incertis
484 2673 628 2741 animis:
653 2677 725 2742 tum
749 2674 876 2743 clamat
899 2674 1068 2743 fervidus:
1092 2677 1182 2744 Heus
1205 2679 1258 2756 tu,

321 2797 494 2880 Ursicine‚
520 2799 596 2866 vide
619 2799 729 2868 iaculo
752 2817 796 2867 ne
819 2801 937 2870 mortis
960 2804 1059 2869 acuto

320 2924 366 2990 Te
389 2925 557 3010 perimas,
581 2927 716 2992 suetum
738 2924 909 3011 depellere
932 2944 1072 3012 corpore
1096 2929 1236 2995 morbos.

322 3053 400 3118 Mox
423 3051 594 3119 Ursicinus
616 3051 752 3118 firmato
775 3053 912 3137 pectore
935 3051 1041 3119 letum

320 3178 476 3264 Oppetit:
501 3177 592 3244 hunc
614 3179 766 3262 sequitur
788 3177 936 3264 lapidum
960 3179 1083 3246 Vitalis
1105 3197 1227 3246 acervo

231 3307 275 3374 60
320 3305 486 3384 Obrutus,
511 3306 546 3370 et
570 3303 709 3371 meritas
732 3304 888 3372 referunt
907 3323 968 3390 pro
992 3305 1111 3372 funere
1134 3305 1272 3390 palmas.

406 3427 576 3497 Candidus
598 3427 683 3496 haee
706 3428 819 3496 miles:
844 3431 965 3498 Petrus
986 3432 1053 3498 sed'
1069 3439 1184 3498 mente
1207 3432 1373 3520 revolvit,

319 3554 463 3641 Sanguis
483 3557 523 3621 ut
544 3554 686 3621 heroum
709 3553 831 3622 Christi
855 3571 945 3622 nova
967 3555 1122 3641 germine
1147 3557 1276 3642 prodat.

319 3681 403 3746 Tum
426 3678 548 3762 Linus,
571 3678 727 3746 abluerat
749 3679 875 3746 dudum
896 3680 954 3766 qui
978 3681 1072 3749 sonte
1094 3681 1213 3748 salutis

319 3807 515 3888 Nazarinm,
539 3806 646 3892 poscit
668 3825 756 3894 quae
778 3826 850 3875 sors
872 3807 1051 3877 obvenerit
1073 3809 1139 3876 olli.

229 3935 272 3999 65
317 3931 378 3999 llle
401 3931 507 3999 refert
528 3949 626 3999 casus
650 3933 789 4000 miseros
812 3933 1010 4021 clademque
1033 3939 1207 4021 peractam
1220 3955 1228 4018 ;

318 4059 360 4124 Et
382 4057 542 4126 cecidisse
564 4062 695 4141 virum,
721 4057 790 4126 lato
813 4063 849 4126 et
872 4060 1009 4127 cessisse
1032 4079 1189 4147 supremo

317 4183 450 4252 Cetsum
472 4202 542 4251 una
565 4202 728 4270 puerum:
751 4187 820 4254 iam
843 4184 952 4255 Gallia
975 4186 1107 4254 viderat
1129 4187 1236 4255 altum

318 4313 359 4378 In
381 4327 475 4378 marc
498 4309 647 4379 deiectos
669 4311 806 4380 tumidis
828 4331 848 4381 e
871 4311 1026 4382 fluetibus
1047 4315 1164 4382 ambos

319 4439 509 4506 Incolumes
529 4455 681 4505 servasse
704 4441 830 4520 Deum,
855 4439 1058 4533 immortalia
1079 4441 1213 4525 quando

229 4565 272 4630 10
316 4563 414 4633 Serta
436 4553 646 4652 parabantur
667 4569 783 4633 nostra
806 4565 926 4633 tellure
950 4565 1077 4634 beatis:
