3472 5360
670 553 780 606 urnnn
802 556 953 606 rnarrvs
1355 544 1416 608 139

205 680 272 746 230
315 681 483 766 cambyse
504 683 616 765 satus,
638 682 811 752 Hebraeos
832 683 1071 769 Solymamque
1095 683 1241 752 revolvit

314 805 429 874 Mente
451 825 582 876 memor
589 825 599 890 ;
624 809 810 896 magnique
832 810 892 877 Dei
915 809 1056 878 miracla
1078 812 1215 893 stupore

316 932 510 1002 Percellunt
533 935 666 1004 animos
687 938 724 1004 et
747 937 866 1022 templi
890 936 982 1004 tama
1006 935 1142 1004 vetusti.

316 1059 421 1144 Urget
445 1060 630 1143 (lamuhel,
652 1061 746 1130 aedis
767 1063 822 1130 cui
844 1081 944 1131 sacra
965 1061 1087 1148 cupido

315 1185 389 1254 Stat
411 1186 518 1267 cordi,
543 1191 580 1256 et
601 1191 755 1258 stimulos
777 1191 911 1276 optanti
935 1191 1059 1259 talibus
1080 1187 1194 1256 addit:

201 1311 268 1378 235
312 1312 340 1378 Ο
362 1312 494 1380 utinam
516 1313 640 1383 vidisse
663 1314 781 1383 datum
805 1315 865 1383 tibi
891 1316 1018 1401 templa
1042 1313 1180 1396 luisset,

314 1438 408 1514 Quae
430 1438 585 1507 Salomon
611 1443 729 1510 nostra
750 1459 871 1528 regum
895 1440 1078 1508 ditissimus
1100 1437 1183 1506 urbe

316 1562 511 1632 Extulerat!
537 1564 644 1633 Multa
666 1566 803 1652 argenti
826 1567 896 1634 iam
923 1566 1075 1652 pondera
1098 1567 1134 1630 et
1156 1563 1231 1631 auri

315 1685 515 1756 Contnlerat
534 1689 686 1776 genitor,
712 1691 907 1777 ferrumque
930 1692 968 1758 et
989 1689 1129 1758 cedrina
1150 1688 1260 1772 ligna,

316 1807 501 1877 caementa
523 1811 559 1878 et
580 1808 710 1896 lapides
730 1810 942 1897 multumque
965 1811 1126 1896 coegerat
1146 1807 1256 1876 aeris:

207 1929 273 1994 240
319 1929 598 2019 Quandoquidem
621 1935 740 2020 puduit
762 1938 824 2004 sub
847 1935 992 2022 pellibus
1013 1933 1281 2020 omnipotentem

318 2055 498 2125 incoluisse
521 2059 646 2142 Deum,
669 2059 782 2128 stabili
805 2078 870 2128 nec
892 2059 972 2129 sede
995 2061 1181 2141 moratum,

316 2181 401 2248 Dum
422 2183 581 2268 Solymae
603 2185 804 2272 exciperent
825 2187 949 2253 aurata
970 2183 1099 2270 palatia
1120 2200 1247 2269 regem.

317 2307 381 2374 Sed
403 2309 557 2393 quamvis
578 2312 673 2398 operi
696 2311 836 2380 leasides
858 2313 958 2380 tanta
979 2313 1136 2397 pararet,

318 2431 481 2500 Attamen
504 2435 669 2504 abstinuit
690 2437 820 2524 coeptis
827 2456 837 2520 3
859 2455 942 2505 nam
964 2437 1132 2522 sanguine
1154 2433 1310 2502 dextram

207 2557 273 2622 245
319 2555 444 2626 Polluit
466 2559 579 2627 hostili
604 2561 722 2630 mediis
743 2565 897 2630 versatus
918 2562 954 2629 in
978 2561 1092 2629 armis

317 2684 362 2749 At
383 2682 539 2752 Salomon
562 2686 672 2755 studio
695 2689 788 2772 pacis
809 2704 913 2773 quum
937 2705 1046 2772 regna
1067 2685 1217 2764 subiret,

318 2808 432 2877 Mente
454 2827 556 2896 super
576 2813 716 2894 sancto,
740 2811 846 2880 David
868 2831 937 2898 qua
958 2810 1109 2879 condidit
1130 2827 1246 2890 aram,

317 2933 416 3000 Visus
439 2934 496 3002 ubi
519 2935 653 3004 iuvenis
674 2936 854 3006 demittere
884 2937 1054 3023 penniger
1076 2952 1194 3004 ensem

318 3058 546 3143 Mortiferum,
570 3063 692 3132 cubitis
714 3064 751 3130 in
774 3065 941 3150 quadrum
963 3079 1102 3149 surgere
1126 3059 1291 3146 templum

207 3186 272 3250 250
318 3184 523 3270 Quingentis
544 3187 694 3257 immane
717 3189 812 3256 iubet
834 3189 1042 3275 Dominoque
1066 3187 1181 3254 dicari.

317 3308 530 3377 Vestibulum
552 3312 634 3379 ante
657 3311 785 3398 duplex
807 3311 1014 3398 praegrandi
1035 3309 1124 3378 mole
1148 3307 1328 3377 columnae

316 3429 509 3516 surgebant
529 3433 705 3518 geminae3
728 3435 812 3502 scite
836 3434 1033 3520 phoenicius
1054 3432 1194 3516 Hiram,

318 3554 497 3624 Artificum
518 3556 695 3644 princeps,
719 3557 851 3627 caelato
865 3559 1051 3628 excuderet
1071 3574 1172 3626 aere:

317 3681 390 3764 ipse
413 3681 517 3750 etiam
539 3700 654 3751 sacras
675 3682 824 3769 tripodas
839 3686 875 3752 et
896 3685 1032 3753 ahenea
1054 3683 1150 3752 labra

206 3805 273 3870 255
316 3801 493 3888 Fluxerat,
516 3786 693 3893 insculptis
714 3809 751 3875 et
772 3825 857 3876 vasa
878 3807 1035 3894 ingentia
1056 3807 1173 3876 formis

315 3929 358 3995 Et
380 3929 512 4014 phialas
532 3930 726 4018 cultrosque
747 3951 789 4000 ac
811 3932 945 4003 diverso
969 3933 1087 4002 ordine
1108 3933 1251 4018 lychnos

317 4053 359 4120 Et
380 4053 621 4124 candelabrum
643 4060 775 4143 septem
796 4059 982 4144 spectabile
1002 4058 1154 4128 dammis

318 4179 433 4248 Aerati
456 4179 537 4247 hinc
560 4183 673 4267 postes
693 4183 796 4268 atque
819 4184 909 4252 atria
931 4183 1036 4271 longa
1058 4184 1243 4270 patebant,

317 4299 404 4368 Hinc
426 4319 564 4370 mensae
587 4303 624 4370 et
647 4302 761 4372 multis
790 4304 982 4374 redolentes
1004 4307 1259 4385 innumerae,

206 4426 271 4492 260
315 4426 358 4492 Et
380 4429 493 4494 vestes
514 4427 638 4496 rutilae
661 4429 804 4513 gemmis
826 4448 976 4517 aureque
1008 4433 1169 4515 rigentes

317 4551 360 4616 Ut
383 4551 564 4638 complevit
588 4571 671 4640 opus
692 4555 867 4635 Salomon,
891 4556 941 4622 ibi
961 4573 1131 4625 marmora
1152 4556 1239 4642 legis
