3564 5376
341 534 384 598 74
812 543 1073 597 uromnnnmes

448 675 640 743 Traducunt
668 675 791 742 miseri.
816 677 925 743 Basan
948 673 1067 760 lugere
1089 673 1296 760 phalanges,

448 799 559 886 Atqrm
581 799 648 868 imo
671 798 801 885 periere
825 800 927 867 mari:
951 818 1051 868 cruor
1072 799 1195 886 impius
1217 800 1322 868 hostis

449 925 515 992 Ora
536 942 660 992 canum
682 925 810 1009 tinget:
833 925 974 992 videant
996 923 1139 1010 vestigia
1160 925 1283 992 summi

338 1049 403 1115 525
448 1049 570 1119 Sancta
591 1050 650 1119 Dei
673 1050 858 1138 Regisquc‚
882 1067 1000 1117 omnes
1022 1051 1264 1135 praeeuntibus
1286 1068 1356 1117 una

448 1174 659 1260 Principibus
679 1177 784 1242 cantu
805 1176 968 1242 resonent
989 1174 1193 1259 citharisque
1217 1175 1362 1260 puellae.
1484 1149 1488 1158 ¹

449 1298 476 1363 O
498 1316 585 1383 gens
612 1298 795 1382 Isacidum,
820 1299 949 1368 festivis
970 1275 1120 1366 coetibus
1142 1297 1226 1366 effer

450 1422 608 1492 Carmina
628 1423 721 1491 laeta
742 1425 828 1490 Deo:
852 1422 1034 1510 Nephthali
1057 1442 1127 1491 una
1149 1424 1219 1509 ipse
1241 1423 1388 1492 Zabulon

451 1547 573 1616 hlautis
595 1548 630 1615 in
654 1566 809 1632 excessu,
832 1549 1012 1616 Beniamin
1033 1551 1070 1615 et
1093 1548 1190 1615 fortis
1212 1550 1328 1616 Iudas:

341 1671 406 1738 530
450 1673 557 1740 Exere
582 1671 760 1755 iirtutem,
784 1675 889 1756 Deus,
912 1677 947 1741 et
971 1691 1057 1760 quae
1080 1673 1224 1758 grandia
1247 1673 1338 1742 laeta

450 1796 621 1881 Ostendis,
645 1797 752 1864 firma.
776 1796 920 1882 Solymis
941 1796 1001 1864 tibi
1024 1814 1168 1865 munera
1189 1797 1316 1884 templo

449 1921 575 2006 Magna
596 1921 709 1990 ferent
730 1939 845 2007 reges3
868 1921 1015 2007 pelletur
1037 1921 1150 1989 bellua
1171 1922 1284 1990 densis

446 2044 570 2112 Abdita
591 2046 830 2131 arundinibus,
854 2048 995 2116 taceant
1016 2046 1197 2132 populique
1222 2045 1416 2116 frementes

447 2172 491 2238 Ut
513 2171 603 2239 tauri
624 2189 746 2240 raeces
767 2172 874 2256 inter,
896 2171 954 2258 qui
976 2170 1104 2257 pellere
1127 2173 1263 2240 certant

338 2295 403 2362 535
447 2295 602 2363 Conciliis
622 2295 777 2364 hemines
798 2294 935 2382 argenti
958 2313 1051 2364 more
1074 2296 1239 2381 probatos

450 2420 492 2486 Et
512 2422 635 2506 gentes
657 2419 827 2506 disperde,
851 2420 970 2488 velunt
993 2437 1080 2505 quae
1103 2419 1215 2508 iurgia
1237 2419 1324 2489 belli.

450 2544 570 2628 Legati
591 2543 777 2613 advenient
799 2544 932 2630 pharii,
955 2545 1179 2630 dextramque
1202 2543 1324 2612 dedere

449 2668 632 2756 Aethiopes
652 2668 808 2736 Domino:
833 2667 1002 2736 laetantes
1024 2667 1125 2736 dicite
1148 2670 1290 2750 centua,

451 2796 574 2862 Terrae
597 2811 706 2878 regna
728 2795 813 2877 Deo,
837 2791 970 2862 caelum
991 2793 1049 2879 qui
1070 2793 1204 2862 scandit
1225 2811 1333 2862 eoum.

341 2921 407 2987 540
451 2921 536 2990 Ecce
559 2920 652 2987 dabit
675 2918 749 2986 voci
773 2919 952 2986 virtutem:
976 2917 1084 3002 gloria
1107 2917 1208 2987 iudae

450 3048 524 3131 lpse
546 3046 731 3130 decusque:
754 3043 813 3110 Dei
836 3044 945 3110 fertur
965 3061 1067 3129 super
1089 3046 1182 3111 astra
1203 3045 1361 3128 potestas.

449 3170 574 3240 Dicatis
596 3171 685 3237 bona
707 3169 828 3237 verba:
851 3168 932 3236 viris
954 3169 1115 3238 mirabilis
1137 3169 1209 3255 ipse

450 3300 490 3365 ln
513 3296 639 3365 sanctis
668 3297 755 3364 Deus
778 3297 814 3363 et
836 3295 943 3364 virtus
966 3297 1001 3363 et
1022 3297 1124 3363 robur
1145 3294 1257 3362 Iudae.

538 3422 630 3488 Haec
654 3420 776 3488 festiva
799 3421 943 3500 canunt,
969 3419 1075 3488 tantm
1096 3421 1133 3487 et
1154 3419 1283 3505 templa
1305 3418 1471 3488 resultant

341 3552 407 3618 545
452 3547 612 3628 Vocibus,
636 3546 787 3630 insignes
808 3545 856 3612 sic
878 3544 1000 3613 Christi
1024 3543 1142 3631 pulcra
1163 3545 1368 3630 triumphos,

449 3675 595 3759 Sponsa,
618 3673 695 3738 tuos
717 3669 871 3738 recolunt
893 3688 1056 3756 magnum
1078 3673 1114 3738 et
1137 3688 1197 3755 per
1218 3669 1356 3737 saecula
1378 3687 1514 3736 noman.

451 3795 661 3879 OMichael,
686 3796 787 3863 viden
810 3795 871 3862 ah!
897 3797 1033 3881 quantis
1055 3795 1186 3880 agitata
1209 3794 1364 3880 procellis

450 3918 628 4007 Impetitnr
650 3919 747 3986 modo
770 3919 892 4004 cymba
913 3918 1149 4008 Petrilquesi
1171 3916 1319 3986 velvitur
1342 3918 1456 3998 undis,

451 4045 659 4131 Adversique
682 4044 800 4111 lbrunt
821 4044 916 4113 venti
946 4043 1143 4130 clademque
1166 4043 1351 4111 minantur.

342 4175 408 4240 550
452 4171 546 4239 Bella
567 4172 683 4239 moret
704 4169 808 4238 Satan
831 4171 947 4252 terris,
970 4169 1146 4236 horrentia
1168 4167 1274 4249 bella,

452 4299 494 4364 Et
515 4297 637 4365 Christi
658 4313 761 4382 pecus
783 4299 822 4364 ut
843 4295 980 4382 perdat,
1004 4295 1237 4381 pecudumque
1262 4293 1448 4377 magistros.

452 4424 559 4490 Exere
581 4422 760 4490 virtutem:
785 4421 918 4507 magnis
940 4423 1075 4489 assueta
1096 4417 1273 4505 triumphis

453 4551 615 4630 Dextera,
640 4547 860 4632 Bellipotens,
883 4545 1055 4612 infernum
1079 4546 1234 4612 conterat
1260 4544 1405 4622 hostem;
