3560 5368
334 506 398 570 218
840 518 1038 569 snrnnmos

441 648 585 717 Carcere
608 647 842 731 uterqueueo
865 645 991 714 libetur
1011 646 1050 713 ut
1072 645 1184 712 hostia
1205 644 1347 712 Christo.

442 771 560 840 Dicere
583 771 658 856 quis
679 771 795 838 valeat
818 771 988 850 numeris,
1011 788 1096 856 quos
1118 773 1255 854 pectore
1277 787 1416 848 sensus,

438 897 529 971 Quas
552 894 709 962 lacrimas
730 894 813 961 laeti
837 893 1025 972 excierint,
1051 911 1153 979 quum
1169 909 1311 960 cernere
1335 893 1475 960 tandem

330 1021 395 1085 330
439 1021 621 1086 Fraternos
643 1018 739 1085 licuit
761 1018 875 1086 vultus
897 1019 1001 1103 atque
1024 1016 1139 1084 oscula
1173 1016 1276 1084 tronti

439 1143 561 1228 Figere
585 1144 620 1211 ct
642 1144 777 1228 optatas
799 1142 917 1211 audire
941 1145 977 1209 et
998 1141 1141 1210 reddere
1164 1141 1290 1209 voces?

442 1270 584 1336 Miratur
606 1269 662 1355 pia
685 1269 785 1335 turba
808 1269 938 1350 virum,
962 1267 1061 1336 simul
1084 1270 1157 1353 ipsa
1178 1269 1310 1335 catenis

439 1390 625 1474 Obstricta,
649 1393 684 1456 et
706 1390 812 1474 gestit
834 1392 970 1458 sanctos
991 1393 1104 1458 astare
1128 1393 1297 1476 parentes

441 1519 524 1583 Tum
548 1533 640 1584 nova
657 1515 709 1582 vis
730 1514 854 1583 animis
876 1515 1060 1602 mortisque
1083 1516 1224 1584 incensa
1246 1516 1388 1600 cupido:

186 1711 188 1716 ,
331 1643 397 1707 335
441 1641 653 1727 Proiectique
675 1658 769 1728 genu
792 1639 915 1708 flentes
937 1641 1018 1708 dare
1042 1641 1136 1709 basia
1159 1641 1286 1727 plantis

440 1767 532 1833 Mille
554 1766 679 1848 sacris,
713 1765 871 1851 avidique
895 1769 1015 1833 Patres
1036 1767 1153 1834 audire
1177 1766 1365 1852 loquentes.

439 1893 508 1958 Hos
529 1890 641 1972 inter,
672 1890 843 1975 quondam
866 1891 1051 1972 excubiae,
1084 1893 1284 1972 Processus,
1309 1892 1346 1958 et
1367 1890 1475 1968 alter,

442 2015 492 2082 llli
515 2016 571 2101 qui
595 2032 709 2083 comcs
730 2015 897 2096 aduerat,
922 2017 1108 2101 sanctoque
1132 2015 1269 2083 lavacro

443 2140 578 2223 Abluti,
602 2140 732 2207 aridulo
754 2138 883 2207 saliunt
905 2158 1009 2226 quum
1032 2140 1165 2226 pumice
1189 2140 1322 2219 sontes,

331 2264 396 2328 340
441 2263 549 2348 Seque
572 2262 688 2330 dicant
710 2261 860 2344 Christo,
884 2263 938 2330 cui
961 2261 1046 2330 dant
1069 2281 1146 2330 cum
1169 2263 1336 2346 sanguine
1360 2264 1476 2329 vitam.

528 2387 738 2456 Christiadae
759 2386 818 2454 sed
842 2387 950 2454 multa
970 2387 1108 2470 dolent,
1139 2389 1220 2454 dum
1250 2405 1387 2454 carcere
1412 2389 1499 2454 tetro

442 2512 603 2580 Servatur
626 2514 765 2610 Petrus,
789 2515 826 2578 et
848 2511 1022 2581 ferventia
1044 2515 1125 2580 vota
1148 2513 1369 2597 frequentant

442 2637 602 2722 Solliciti,
626 2641 662 2706 et
683 2638 816 2707 dulcem
839 2641 1005 2722 satagunt
1026 2638 1176 2706 invisere
1200 2641 1340 2722 patrem.

441 2764 638 2833 Adveniunt
659 2768 762 2833 noctu
786 2766 881 2833 taciti
904 2765 1086 2851 clerusque
1109 2766 1279 2850 linusque

331 2893 398 2956 345
443 2891 555 2976 Atque
577 2890 637 2958 alii
660 2908 839 2976 proceres;
866 2891 975 2958 avidis
997 2890 1190 2959 custodibus
1212 2908 1331 2957 aurum

442 3018 530 3084 Dant
551 3015 668 3100 large,
692 3019 728 3082 ot
750 3016 869 3101 magni
892 3015 1045 3101 pendent
1068 3016 1218 3084 Pastoris
1238 3015 1282 3082 ab
1304 3032 1373 3083 ore.

440 3142 509 3207 Nec
533 3140 644 3207 minor
665 3140 800 3207 interea
823 3138 1014 3208 Basiliscum
1037 3142 1074 3208 et
1096 3140 1281 3208 Anastasio
1306 3139 1373 3206 imo

442 3267 584 3333 Poctoro
607 3282 689 3333 cura
711 3267 848 3334 movet:
872 3269 1068 3334 sanctorum
1090 3283 1231 3352 corpora
1253 3266 1389 3350 quando

438 3389 623 3458 Textilibus
643 3389 791 3458 suebant
812 3407 933 3458 curare
957 3394 1062 3477 atque
1086 3392 1239 3478 unguine
1262 3391 1387 3473 odoro,

331 3513 396 3578 350
441 3511 652 3600 Sacratisque
675 3513 730 3598 pio
753 3513 821 3580 ritu
843 3532 1047 3599 componere
1075 3515 1213 3600 cryptis.

441 3637 608 3704 Maximus
630 3639 685 3704 ast
706 3637 815 3704 oritur
837 3636 957 3720 fietuS,
981 3657 1084 3724 quum
1108 3641 1183 3706 tota
1204 3639 1367 3706 Pudentis

437 3761 529 3828 Gens
550 3779 667 3829 carum
690 3762 787 3830 novit
809 3763 1002 3829 coniectum
1025 3763 1060 3829 in
1085 3763 1200 3830 vincla
1223 3767 1412 3849 parentem.

443 3889 528 3954 Ecce
550 3886 686 3954 Pudens
709 3887 864 3970 animos,
899 3887 1054 3972 quamvis
1076 3888 1318 3956 moestissimus
1339 3888 1431 3974 ipse,

440 4011 619 4092 Sublevat,
644 4013 681 4080 et
703 4011 814 4078 visum
837 4012 991 4080 reterens
1013 4011 1066 4079 his
1087 4012 1226 4080 vocibus
1247 4013 1344 4080 infit:

330 4136 397 4200 355
528 4135 606 4202 Vidi
621 4139 760 4222 egomet
775 4141 974 4220 monstrum,
992 4137 1116 4206 fratres
1131 4137 1214 4204 mihi
1230 4137 1376 4205 credite:
1397 4155 1544 4221 magnus

440 4259 499 4325 Fst
521 4261 609 4328 Deus
630 4260 667 4327 in
690 4261 813 4344 caelis,
844 4263 1041 4348 superisque
1065 4262 1292 4348 phalangibus
1314 4261 1434 4328 urbem

439 4383 639 4453 Romuleam
662 4388 795 4453 tutatur
818 4388 853 4453 et
875 4385 947 4454 alto
970 4388 1112 4454 numine
1133 4390 1258 4455 servat.

437 4509 508 4573 Hoc
531 4510 607 4576 erat
629 4508 772 4595 imperio
795 4515 833 4576 ut
855 4510 996 4595 populos
1018 4514 1241 4602 componeret
1263 4527 1351 4588 uuo,
