3560 5368
678 542 790 593 ursan
813 543 964 594 rnnrrvs
1360 518 1425 583 213

324 668 521 755 Extemplo,
548 669 698 755 fumique
720 671 792 739 dies
814 670 1001 738 involvitur
1024 666 1168 736 umbrat

325 794 420 862 Heu!
443 795 569 863 sacrati
592 795 732 880 adytus,
756 815 885 883 magna
905 796 992 864 heu!
1016 794 1135 862 domus
1157 784 1407 873 Omnipotentis

308 916 365 986 'ln
389 918 538 1004 cineres,
562 939 626 988 nec
648 940 734 989 saxa
755 939 857 1008 super
879 921 948 988 iam
970 937 1054 987 saxa
1075 916 1267 1003 supersunt.
1297 951 1298 954 π

222 1044 284 1108 170
328 1045 389 1112 His
410 1047 534 1112 Petrus
555 1045 654 1114 dictis
676 1046 888 1132 solymorum
910 1045 1081 1114 horrenda
1104 1041 1250 1112 canebat

326 1170 430 1237 Fata:
454 1173 584 1257 pavent
605 1171 750 1252 omnes;
771 1171 898 1239 diversi
920 1173 958 1238 at
979 1171 1117 1255 pectore
1140 1185 1261 1236 sensus

328 1295 537 1380 Exagitant3
560 1295 617 1362 hic
640 1315 700 1382 pro
723 1296 812 1364 caris
834 1297 1013 1381 torquetur
1033 1293 1170 1375 amicis,

330 1423 395 1488 Pro
417 1421 535 1506 gnatis
556 1421 674 1491 tremit
697 1421 770 1505 hic,
793 1421 918 1490 misera
940 1437 1024 1507 quos
1046 1418 1145 1504 liquit
1165 1419 1202 1484 in
1225 1416 1317 1483 urbe.

330 1549 391 1613 Ast
412 1545 472 1614 alii
496 1547 660 1632 repetunt
681 1548 832 1614 immane
855 1545 898 1614 ob
921 1544 1050 1613 crimen
1073 1543 1191 1610 Iudam

223 1672 285 1736 115
329 1671 439 1756 Digrm
461 1671 533 1757 pati
555 1672 697 1740 tandem
719 1672 912 1757 iustamque
934 1667 1122 1755 rependere
1145 1683 1302 1753 poenam.

417 1802 517 1868 Parte
539 1801 609 1868 alia
630 1801 720 1869 Simo
743 1800 851 1886 regali
873 1801 953 1868 sede
976 1799 1128 1866 moratus

330 1923 481 1990 Monstra
503 1925 603 2010 parat
624 1923 749 2010 populo
769 1925 873 2011 atque
896 1922 997 1991 avido
1020 1920 1184 2007 exoptata
1206 1918 1344 1986 Neroni.

330 2047 474 2115 Romula
494 2047 767 2135 quandoquidem
789 2049 877 2117 ludis
899 2048 994 2134 plebs
1017 2049 1091 2115 tota
1113 2046 1262 2131 iocisque

331 2172 525 2258 Abripitur,
548 2173 708 2261 ducitque
731 2175 827 2254 dies,
851 2174 958 2242 oblita
978 2172 1106 2241 securis

224 2299 286 2362 180
331 2299 423 2372 Quae
446 2299 550 2385 capiti
573 2299 770 2385 impendet,
794 2298 894 2384 regni
918 2299 998 2365 dum
1021 2298 1137 2364 versat
1159 2296 1313 2363 habenas

331 2423 494 2490 Immanis
516 2425 628 2491 Nero:
653 2443 718 2493 nec
740 2424 880 2510 poenis,
905 2443 970 2492 nec
994 2422 1098 2492 caede
1121 2425 1299 2504 movetur,

332 2547 407 2622 Qua
421 2523 551 2616 'curisti
575 2549 674 2615 metit
697 2548 754 2615 ille
776 2566 919 2635 gregem
941 2564 1164 2633 proceresque
1191 2546 1368 2622 Quiritum.

331 2673 403 2738 Iam
426 2672 495 2739 ludi
518 2675 554 2742 et
576 2692 677 2741 carae
701 2674 837 2743 servent
859 2673 1031 2759 spectacla
1052 2672 1266 2759 palaestrae,

332 2797 374 2864 Et
396 2797 581 2867 luctatores
604 2798 707 2867 crudo
729 2799 789 2892 qui¹
811 2798 941 2886 praelia
964 2801 1081 2867 caestu

226 2923 290 2986 lau
335 2921 414 2990 Sese
437 2923 529 2991 iuter
551 2925 698 2992 miscent
710 2947 719 3007 ;
743 2924 801 3010 qui
825 2923 903 2992 flavi
925 2924 1066 2990 flumina
1087 2921 1196 2991 Tibris

335 3047 524 3116 Traiiciunt
545 3049 660 3117 nando
683 3049 739 3119 vel
762 3067 862 3118 cursu
886 3017 1049 3136 praepete
1071 3049 1217 3115 certant.

334 3175 406 3240 Iam
429 3173 583 3243 thermae
608 3177 770 3260 patuere;
797 3175 894 3261 sophi
917 3174 983 3242 huc
1006 3175 1215 3242 contendere
1237 3175 1274 3240 et
1296 3189 1379 3255 una

334 3301 434 3369 Plebs
456 3302 608 3386 effrena,
631 3310 769 3371 amens:
793 3302 923 3389 cupidis
945 3301 1041 3370 deest
1064 3300 1160 3367 nulla
1182 3299 1347 3385 voluptas

333 3421 488 3506 Namque
518 3421 672 3508 palatina
695 3422 857 3490 librorum
881 3422 980 3506 copia
1001 3420 1082 3489 sede

226 3546 289 3609 190
334 3545 522 3629 Panditur,
545 3550 582 3615 et
603 3548 722 3616 studiis
743 3547 825 3615 licet
847 3546 1024 3632 indulgere
1048 3546 1225 3613 minervae

336 3671 423 3738 Acta
444 3671 567 3740 diurna
589 3673 684 3758 sequi
707 3675 745 3740 et
765 3671 883 3740 doctas
905 3671 1063 3740 evolvere
1086 3670 1231 3738 chartas.

334 3795 482 3882 Corpora
505 3799 533 3865 si
555 3796 671 3865 lubeat
695 3796 993 3865 validaexercere
1016 3797 1205 3882 palaestra,

333 3920 375 3986 Et
397 3920 489 3989 disco
510 3922 620 4008 spatia
642 3920 757 4008 ampla
779 3919 936 4007 pilaeque
959 3922 1145 4007 trochoqne
1169 3921 1358 4006 patescunt.

336 4044 432 4113 Isidis
455 4044 509 4112 hic
531 4046 669 4114 sistrum
691 4045 855 4132 crepitat,
879 4045 1148 4132 corybantiaque
1171 4064 1254 4114 aera

228 4169 291 4235 195
332 4169 394 4236 Hic
417 4171 577 4256 cybeles,
602 4171 697 4239 vario
720 4169 776 4237 hic
799 4169 987 4238 miscentur
1008 4171 1163 4238 carmina
1187 4172 1312 4236 cantu:

336 4294 391 4362 Fit
414 4295 483 4363 late
505 4295 688 4382 strepitus,
712 4313 796 4378 ceu,
820 4312 924 4381 quum
948 4294 1145 4380 regionibus
1166 4294 1251 4361 arcti

335 4418 446 4485 Turba
468 4436 591 4502 gruum
615 4419 777 4486 furiatum
799 4418 942 4485 imbrem
965 4417 1167 4504 rapidasque
1191 4415 1356 4500 procellas

336 4543 482 4629 Effugit,
514 4545 635 4612 oceani
657 4544 805 4612 stridens
827 4542 870 4609 ad
895 4543 995 4610 litora
1018 4543 1138 4610 tendit
