3560 5368
361 511 429 578 272
830 523 1103 579 eaurnnuranos

469 654 546 739 Ipsa
566 651 679 737 aperit
702 649 838 718 fraudes
860 649 965 718 hostis
988 637 1127 736 regique
1150 651 1304 737 profatur

470 773 676 859 interrupte,
699 771 795 840 arcet
817 774 959 858 pestem,
984 776 1141 840 servatur
1162 772 1263 841 iudas

470 897 672 978 Incolumis3
694 895 853 983 princeps
875 897 1005 964 etenim
1028 897 1100 966 iera
1122 897 1212 966 iussa
1234 900 1394 984 resolvit,

450 1026 512 1091 'Et
534 1025 669 1092 cessant
693 1022 813 1090 luctus.
836 1022 898 1089 Hic
921 1023 1068 1108 Respha,
1091 1023 1281 1093 miserrima
1303 1028 1433 1104 mater,

359 1147 425 1214 205
470 1145 537 1214 Sub
560 1163 660 1213 cruce
683 1147 842 1213 natorum
863 1145 1070 1213 morientum
1092 1147 1272 1216 immobilis
1292 1149 1429 1230 haeret,

469 1270 697 1356 immanisque
720 1270 815 1337 dolor
835 1269 1053 1340 lacrimarum
1074 1271 1171 1339 triste
1195 1273 1353 1342 levamen

470 1396 545 1480 Ipse
568 1395 686 1474 vetat3
719 1393 789 1460 stat
811 1391 904 1459 enim
927 1392 1033 1460 veluti
1058 1394 1225 1479 Marpesia
1247 1399 1373 1477 cautes.

469 1518 683 1585 Horrendum
706 1515 857 1585 facinus!
883 1515 946 1584 Sed
970 1515 1060 1602 quid,
1085 1520 1174 1588 bona
1196 1521 1311 1605 Virgo,
1335 1519 1476 1588 moraris

470 1642 565 1710 Talia
587 1640 727 1710 miranti
751 1641 856 1709 tacito
876 1644 937 1708 sub
960 1642 1061 1710 corde
1084 1641 1268 1712 volutanst

360 1767 426 1836 210
471 1769 545 1834 Heu
567 1769 702 1853 spectas
723 1769 872 1834 ventura
895 1767 955 1834 tibi
978 1768 1021 1836 ad
1045 1767 1165 1835 feralia
1187 1771 1312 1838 montis

467 1892 634 1975 eulmina,
657 1910 761 1978 quum
783 1893 933 1960 Gnatum
955 1892 1163 1978 pendentem
1185 1893 1300 1979 stipite
1323 1894 1395 1962 diro

472 2018 640 2104 Aspicies,
665 2017 769 2085 clavis
791 2017 896 2084 fixum
919 2017 1121 2104 plantasque
1144 2035 1352 2104 manusque,

469 2144 513 2211 Et
534 2145 638 2228 caput
662 2142 870 2210 horrendum
892 2143 1000 2229 spinis
1020 2145 1057 2211 ct
1078 2146 1197 2230 pectus
1216 2146 1320 2212 acuta

469 2268 610 2355 Cuspide
633 2267 866 2352 transiectum,
890 2286 1034 2338 manans
1056 2273 1093 2338 et
1114 2269 1282 2356 sanguine
1305 2287 1434 2356 corpus

361 2396 427 2461 215
558 2393 711 2461 Feminei
733 2392 797 2461 hoc
819 2411 904 2480 opus
925 2398 977 2462 est
999 2395 1135 2462 coetus:
1158 2412 1220 2479 per
1242 2394 1378 2478 singula
1400 2392 1508 2462 volvit

470 2518 652 2586 Parthenis
673 2517 766 2586 alnm
787 2519 910 2604 oculos,
934 2520 971 2586 et
991 2519 1101 2587 amico
1123 2535 1265 2588 munere
1287 2519 1401 2606 gestit

403 2619 411 2637 ’
450 2645 541 2713 ‘Nec
564 2644 677 2712 minus
700 2645 870 2714 Elisabeth
892 2645 1017 2731 pignus
1038 2646 1197 2713 mittebat
1218 2646 1364 2726 amoris,

470 2771 693 2840 candidulam
717 2775 866 2852 vestem,
891 2774 1050 2856 tegerent
1072 2789 1175 2858 quam
1196 2769 1301 2857 pallia
1323 2772 1450 2838 circum

469 2897 644 2980 caerulea,
667 2901 704 2964 et
725 2897 870 2980 gemmis
891 2896 1052 2964 distincta
1074 2896 1214 2964 monilia
1236 2897 1332 2965 collo.

361 3025 426 3091 220
470 3023 622 3091 Advenit
644 3024 746 3090 Anna
769 3041 896 3108 senex,
919 3025 1128 3110 sanctaeque
1151 3023 1326 3092 volumina
1348 3023 1431 3108 legis
1486 3089 1498 3110 ‚

470 3147 578 3216 Affcrt
600 3149 789 3217 intertexta
810 3167 904 3231 auro,
928 3149 1082 3218 mirabile
1105 3150 1253 3218 donum:
1342 3176 1345 3182 ·

470 3273 614 3361 Spiritus
636 3275 790 3343 incendit
812 3279 938 3360 vatem,
961 3276 1137 3362 maiorque
1159 3275 1294 3344 videtur

471 3405 547 3489 Ipsa
568 3401 642 3485 sibi,
665 3421 705 3470 ac
728 3402 869 3470 afflante
890 3403 958 3470 Deo
981 3403 1029 3470 sic
1051 3402 1167 3472 abdita
1188 3403 1334 3488 pandit>

472 3528 694 3597 Parthenien
717 3529 841 3598 dilecta
862 3529 941 3612 Deo,
965 3528 1139 3597 cumulata
1160 3529 1315 3614 supernis
1388 3527 1391 3533 “

362 3655 427 3720 225
472 3654 684 3736 Muneribus,
707 3654 750 3720 de
774 3655 809 3722 te
830 3656 961 3738 quanta
982 3653 1026 3721 oh
1049 3653 1271 3738 mirandaque
1293 3654 1414 3721 cerno!

473 3777 547 3843 Una
570 3776 724 3844 homines
746 3777 837 3844 inter
859 3777 988 3863 primae
1011 3779 1051 3844 tu
1072 3777 1188 3845 nescia
1209 3776 1313 3858 labis,

471 3905 585 3991 Teque
607 3907 781 3972 venenato
803 3904 1032 3992 nequidquam
1054 3905 1158 3972 dente
1180 3902 1303 3989 petivit

473 4033 656 4099 Tartareus
677 4049 827 4118 serpens,
851 4032 1080 4118 nequidquam
1102 4032 1239 4102 caerula
1262 4032 1349 4100 colla

474 4159 656 4241 Intumuit,
686 4158 783 4226 firmo
805 4177 886 4227 nam
909 4163 946 4227 tu
968 4159 1055 4245 pede
1078 4160 1270 4246 comprimis
1291 4177 1438 4245 anguem

362 4286 429 4352 230
473 4285 516 4350 Et
538 4285 680 4369 Solymis
702 4303 805 4372 quum
828 4286 957 4372 templa
978 4290 1132 4370 manent,
1155 4287 1217 4356 tibi
1240 4288 1382 4356 nubibus
1403 4286 1482 4356 altis

473 4413 612 4481 Demissi
635 4413 778 4500 cupiunt
799 4415 957 4484 certatim
979 4415 1137 4484 assistere
1160 4416 1252 4485 cives

473 4539 709 4627 Reginamque
733 4543 857 4618 vocant
878 4543 990 4611 terrae
1014 4541 1167 4630 caelique
1190 4543 1374 4630 potentem.
