3472 5360
676 508 787 560 urana
808 507 959 560 unsrrvs
1283 455 1286 460 ⁵
1358 494 1418 559 143

324 638 474 719 Moenia,
498 637 633 721 iamque
655 633 757 702 datur
779 633 880 718 patrii
902 632 1054 700 Iordanis
1075 633 1118 702 ad
1141 651 1218 701 oras

324 759 475 828 incolere
502 761 605 844 atque
628 758 709 825 novi
732 755 870 842 fastigia
892 756 1038 824 condere
1062 757 1199 843 templi,

212 885 278 952 360
322 883 415 961 Quod
437 884 546 950 veteri
570 881 778 962 anteieram;
803 898 883 948 nam
908 881 990 949 felix
1013 881 1125 949 omine
1150 899 1274 966 magno

323 1009 527 1096 Progeniem
549 1007 654 1094 gestit
675 1007 893 1092 complectier
916 1007 1182 1093 omnipotentis,

322 1133 459 1200 Exuviis
479 1131 635 1200 indutam
658 1131 835 1199 hominum
858 1133 893 1198 et
917 1131 1034 1197 divina
1055 1129 1265 1216 loquentem.

324 1258 388 1327 Sed
408 1257 529 1326 durate
554 1257 649 1338 boni,
673 1260 791 1324 manet
813 1259 850 1323 et
872 1274 925 1323 res
947 1255 1050 1341 plena
1072 1256 1207 1340 pericli:

323 1382 435 1450 Hostis
456 1381 538 1464 erit,
561 1383 629 1450 ciet
651 1385 687 1451 et
709 1379 842 1460 turbas,
873 1380 1066 1467 mediosque
1090 1382 1222 1452 labores

211 1506 277 1572 365
322 1503 526 1591 Abrumpet,
550 1521 664 1571 muros
686 1502 777 1570 urbis
799 1501 998 1572 subvertere
1020 1503 1113 1570 nisus

322 1631 454 1709 Insidiis
476 1634 512 1699 et
534 1631 590 1697 vi:
614 1630 719 1699 sortes
740 1630 893 1698 obsistite
915 1632 1052 1714 contre,

323 1755 509 1826 intendant
531 1756 626 1843 operi
647 1755 805 1838 dextrae,
828 1754 1020 1842 dependeat
1043 1756 1134 1825 ensis

324 1881 455 1948 Afflxus
478 1879 576 1948 lateri
598 1882 634 1948 et
655 1859 824 1967 peltarum
846 1880 1001 1966 tegmina
1023 1883 1142 1966 tergo:

324 2009 465 2074 Terreat
484 2023 658 2074 armorum
680 2005 793 2074 nullus
816 2005 909 2074 furor
931 2009 967 2074 et
990 2006 1064 2075 iera
1084 2007 1199 2093 gentis

211 2137 278 2200 370
321 2132 485 2212 Clasica,
508 2149 597 2199 neve
619 2131 704 2199 dolis
726 2131 864 2216 capiant
887 2149 947 2198 vos
970 2133 1085 2200 mollia
1107 2134 1220 2202 verba.

323 2253 489 2339 Prodigiis
512 2255 606 2322 iavet
627 2255 697 2340 ipse
721 2256 825 2334 Deus;
856 2255 990 2341 quando
1012 2273 1110 2324 sacer
1132 2256 1221 2340 ignis

322 2383 347 2446 ll
370 2379 465 2446 caelo
487 2379 586 2448 datus
608 2380 697 2448 haud
720 2397 870 2466 unquam
892 2380 1145 2466 extinguendus
1166 2381 1288 2450 aduret

324 2505 418 2572 Dona
439 2505 509 2572 Dei.
523 2500 676 2590 'Solymis
697 2505 776 2572 exul
799 2524 875 2574 curn
899 2507 1054 2589 cederet,
1081 2505 1176 2574 illum

322 2631 508 2714 Progenies
530 2631 641 2698 Heber
663 2631 780 2714 ignoto
803 2630 927 2699 celavit
950 2631 986 2698 in
1009 2635 1132 2700 antro:

210 2759 277 2822 375
324 2756 369 2823 11
389 2755 469 2841 quid
493 2757 600 2824 restat
621 2757 754 2824 3111001
777 2774 934 2826 marcens
948 2761 985 2826 et
1007 2759 1149 2828 crassior
1172 2761 1264 2828 0013

322 2879 417 2965 Rupe
440 2897 546 2946 cave:
570 2897 671 2966 super
694 2881 871 2966 imponent
892 2880 1075 2966 altaribus,
1100 2886 1138 2950 ut
1161 2903 1248 2964 mos,

322 3005 432 3090 Ligna
455 3009 589 3090 130100,
613 3005 747 3091 pinguis
769 3007 915 3077 fundent
935 3009 1117 3094 aspergine
1141 3009 1320 3096 lymphae:

321 3133 433 3219 Atque
456 3133 512 3200 ubi
534 3133 584 3200 sol
607 3133 734 3201 circum
757 3135 894 3202 100310
925 3135 1015 3203 nube
1038 3137 1177 3204 micabit

320 3258 500 3344 Primaque
523 3258 682 3327 demittet
704 3259 875 3327 radiorum
897 3261 1026 3347 spicula
1049 3263 1085 3329 iu
1108 3282 1222 3345 aram,

208 3387 275 3452 380
319 3384 479 3453 Protinus
501 3385 581 3452 inde
604 3403 709 3453 vorax
731 3403 767 3453 se
791 3385 928 3454 flamma
948 3387 1083 3455 attollet
1104 3389 1148 3456 31
1170 3408 1279 3458 aures.

320 3511 524 3578 Caelicolum
546 3510 711 3598 siquidem
734 3512 879 3579 Michael
903 3512 1103 3582 fortissimus
1124 3515 1187 3583 alis

321 3638 389 3705 Vos
411 3636 515 3723 tegit,
538 3656 559 3704 o
580 3637 680 3721 socii,
711 3638 829 3705 stricto
852 3656 894 3705 ec
917 3657 1078 3708 mucrone
1103 3643 1239 3709 tuetur:

320 3763 397 3843 lile,
421 3762 559 3829 iubente
583 3763 668 3844 Dec,
691 3763 820 3848 phariis
841 3781 860 3830 e
884 3763 1007 3832 finibus
1028 3765 1108 3833 clim

321 3889 526 3974 Mancipium
549 3891 665 3957 eduxit
689 3892 788 3959 Iacob
813 3891 980 3978 fregitque
1003 3894 1160 3964 catenas:

209 4016 275 4081 385
320 4014 435 4083 nstitit
459 4014 515 4081 ille
538 4015 614 4082 duci
639 4017 753 4099 Iosue,
781 4019 818 4083 et
840 4016 995 4085 felicibus
1017 4018 1109 4085 ervis

319 4137 486 4221 Iordanis,
510 4140 625 4208 tantus
647 4143 723 4226 post
744 4159 842 4208 casus
863 4144 900 4209 et
922 4141 995 4210 fera
1018 4141 1108 4210 bella

320 4265 538 4351 erroresque,
563 4264 655 4332 dedit
678 4266 815 4333 demum
838 4267 1023 4336 consistere
1045 4271 1204 4353 gentem3

320 4389 380 4457 llle
403 4389 501 4458 modo
524 4391 619 4458 iuvat
642 4393 813 4473 extorres,
838 4392 1043 4479 laqueosque
1067 4393 1213 4462 resolvit.

321 4515 495 4584 Praescius
517 4517 549 4584 id
574 4518 663 4586 novi.
689 4520 772 4586 Dum
797 4517 913 4589 flerem
936 4521 977 4587 31
1002 4519 1145 4604 Tigridis
1167 4539 1280 4604 cram,
