3564 5376
327 459 365 523 14
794 471 1058 524 uuonannmoos

431 597 574 664 Munera
594 595 655 664 das
675 601 806 682 septem
828 599 864 664 et
887 599 1017 664 certam
1039 615 1177 682 sperare
1199 600 1363 680 salutem,

432 719 504 797 Qui·
518 718 621 786 venia
643 718 804 803 caeloque
827 720 947 805 potiri,
971 721 1007 788 te
1029 720 1132 802 duce,
1156 720 1274 788 lidunt.

432 846 486 913 Sic
507 847 629 911 Pastor
650 843 879 930 populosque;
903 848 939 912 et
960 845 1009 912 sol
1031 846 1101 912 iam
1123 847 1289 930 mergitur
1310 847 1401 928 alto,

321 975 386 1039 205
432 973 561 1057 Vesper
582 970 701 1054 adest,
724 987 786 1037 sua
807 970 948 1057 quisque
971 974 1070 1056 parat
1092 972 1160 1039 iam
1183 974 1277 1040 tecta
1299 975 1435 1042 roverti.

522 1098 592 1163 Neo
614 1096 731 1162 tamen
753 1095 789 1160 in
813 1094 902 1162 votis
922 1096 1057 1182 praesul
1079 1114 1211 1164 camare
1234 1099 1371 1166 iubebat
1383 1117 1392 1180 ;

433 1226 507 1308 lpse
529 1221 645 1287 animo
669 1220 828 1304 portenta
850 1222 966 1286 movet
987 1238 1075 1306 quae
1098 1222 1192 1305 visa,
1217 1242 1280 1290 nec
1303 1225 1384 1307 ulli,

432 1346 550 1416 Tantis
572 1363 669 1413 mens
691 1344 825 1430 agitur,
849 1343 900 1411 ias
922 1344 1100 1431 indulgere
1121 1347 1238 1432 quieti.

432 1471 478 1538 At
499 1469 588 1537 solus
610 1467 726 1536 multis
747 1471 881 1535 sacrato
904 1467 1059 1536 conditus
1080 1473 1182 1537 antro

324 1601 389 1666 210
434 1599 576 1666 Noctem
596 1594 708 1680 agitat
729 1594 904 1680 precibus,
929 1594 1034 1662 tacita
1056 1595 1154 1662 modo
1177 1599 1293 1664 mente
1317 1599 1447 1666 volutat

435 1723 515 1791 Alta
535 1740 664 1789 arcana
686 1722 766 1803 Dei,
790 1720 912 1788 recinit
935 1723 1034 1788 modo
1056 1722 1194 1788 vocibus
1216 1721 1369 1808 hymnos,

433 1851 582 1918 Fletibus
603 1867 664 1917 ora
684 1849 776 1932 rigat
798 1847 922 1934 largis,
947 1846 1086 1915 caelove
1108 1849 1247 1935 supinas

435 1980 533 2046 Nunc
555 1975 655 2043 effert
673 1974 825 2060 palmas,
848 1973 996 2059 gemitus
1017 1991 1037 2041 e
1060 1977 1197 2060 pectore
1221 1975 1343 2043 fundit.

434 2104 566 2172 Annuit
587 2102 801 2186 omnipotens
822 2103 947 2169 Pater:
971 2099 1061 2168 haud
1083 2101 1156 2168 sine
1181 2100 1298 2170 fenore
1322 2105 1437 2170 tantus

326 2242 390 2307 215
433 2231 603 2305 Praesulis
624 2231 759 2315 augusti
783 2229 877 2296 labor
884 2247 894 2313 3
918 2228 1101 2314 improvisa
1123 2229 1227 2295 micat
1249 2230 1328 2312 lux,

398 2355 402 2364 '
434 2364 528 2440 Quae
551 2359 618 2458 cito
640 2357 838 2444 speluncam
861 2354 1015 2422 rutilanti
1037 2354 1166 2422 lumine
1190 2358 1346 2442 complet.

435 2489 532 2558 Haud
553 2486 654 2554 aliter
677 2483 813 2570 quando
836 2480 966 2550 festivis
989 2483 1148 2566 pegmata
1170 2481 1314 2552 flammis

434 2613 646 2692 incendunt,
670 2626 876 2696 quamquam
898 2607 1049 2676 tenebris
1070 2608 1177 2676 oiiiusa
1199 2613 1277 2677 ruat
1300 2628 1388 2694 nox,

435 2740 612 2824 Extemplo
634 2737 718 2804 lucis
739 2733 944 2820 splendescit
966 2734 1109 2801 nubibus
1130 2752 1190 2800 aer

326 2872 391 2938 220
435 2863 637 2952 Purpureis,
661 2861 788 2928 circum
810 2859 942 2926 clarent
964 2861 1001 2926 et
1023 2862 1115 2926 tecta
1137 2861 1343 2948 domusque,

435 2993 669 3076 Miranturque
691 2985 866 3068 homines,
890 2972 1010 3052 mediis
1031 2987 1125 3072 quasi
1150 2986 1295 3072 iulgidus
1317 2991 1443 3056 umbris

436 3117 489 3184 Sol
513 3115 644 3194 niteat,
667 3111 843 3197 subitoque
867 3107 1084 3194 obstringunt
1106 3109 1237 3178 lumina
1259 3111 1353 3178 visu:

435 3242 488 3310 Sic
509 3241 623 3326 stupet
645 3237 765 3304 obtutu
787 3233 1010 3315 Laurentius,
1034 3234 1170 3322 imaque
1191 3238 1305 3304 tentat

435 3369 517 3436 Ossa
539 3383 653 3452 pavor.
677 3361 792 3430 Niveis
813 3361 946 3428 iuvenis
967 3361 1214 3446 pulcherrimus
1235 3362 1298 3430 alis

327 3499 391 3563 225
437 3493 603 3580 Apparet,
628 3489 728 3557 laeva
749 3487 907 3572 clypeus,
931 3486 1118 3574 dextraque
1141 3505 1298 3555 coruscus

437 3617 554 3699 EnsiS,
578 3619 615 3683 et
637 3613 804 3700 effulgens
826 3615 945 3680 aurato
968 3615 1105 3698 pectore
1129 3613 1271 3698 tlrorax,

437 3747 604 3816 Cristatae
626 3741 730 3827 capiti
752 3741 873 3827 galeae
885 3758 895 3821 ;
918 3741 1021 3808 decus
1042 3759 1100 3808 ore
1123 3759 1245 3809 sereno

437 3872 535 3940 Haud
557 3868 700 3938 mortale
722 3867 832 3953 nitet,
856 3867 984 3936 circum
1006 3866 1164 3935 diffundit
1186 3869 1322 3935 odorem

438 3997 659 4066 aetherium:
683 4013 723 4063 ac
745 3994 885 4062 tandem
909 3995 1135 4079 trepidantem
1158 3999 1194 4061 et
1217 3994 1323 4061 multa
1339 3995 1511 4061 volentem

329 4128 394 4193 200
438 4125 556 4191 Dicere
578 4121 627 4189 sio
649 4120 789 4207 placidis
810 4121 936 4188 affatur
958 4119 1095 4188 vocibus
1117 4119 1226 4187 ultro:
1359 4107 1369 4118 '

438 4253 532 4318 Pone
557 4246 692 4315 modum
714 4245 881 4329 lacrimis,
904 4245 1082 4324 Laurenti,
1105 4260 1194 4329 pone
1217 4242 1371 4329 querelis.

439 4377 528 4443 Vota
550 4374 699 4456 cadunt,
721 4373 808 4439 bene
832 4373 869 4438 tu
891 4370 1034 4456 supplex
1056 4369 1192 4471 praeuia
1214 4369 1299 4436 caeli

439 4502 500 4569 Hic
522 4499 630 4586 petis,
654 4499 725 4584 ipse
749 4497 886 4581 adsum,
912 4497 1104 4583 pandantur
1127 4497 1164 4562 ut
1186 4494 1301 4562 abdita
1324 4493 1447 4566 menti.
