3576 5376
881 558 995 610 vnum

529 688 633 755 Ferre
656 685 743 772 pedi,
766 685 970 772 cupidosque
991 685 1105 754 oculos
1126 684 1268 771 explere
1289 684 1426 754 tuendo.

528 812 587 879 Ille
610 813 726 878 antem
749 811 877 896 templo
899 813 1017 878 votum
1040 810 1232 878 immortale
1247 809 1406 892 daturus,

527 935 739 1024 Spectandus
759 936 883 1022 populo
906 937 1074 1023 niveoque
1097 936 1237 1004 indutus
1258 935 1404 1017 amictu,

527 1061 721 1144 Invehitur,
744 1060 912 1148 laevaque
934 1061 1060 1147 premit
1081 1061 1270 1147 dextraque
1292 1060 1498 1146 propinquat

528 1187 639 1253 Turba
662 1184 839 1271 frequens,
864 1184 958 1253 laeta
979 1163 1198 1270 ingeminant
1219 1201 1239 1252 e
1262 1183 1412 1251 turribus
1434 1201 1526 1250 aera.

528 1311 589 1377 Hic
611 1308 760 1376 studium
782 1307 901 1376 subiit:
925 1309 1039 1376 cubitu
1062 1308 1230 1376 connixus
1252 1309 1287 1376 in
1310 1327 1430 1376 omnes

529 1435 679 1522 Expedio
708 1434 912 1503 antevolans
934 1451 1086 1517 currum,
1109 1436 1147 1530 nt
1172 1434 1241 1502 iam
1259 1437 1401 1518 tangere
1418 1435 1540 1502 dextra

528 1560 738 1642 Genderem3
762 1560 950 1645 prostratus
971 1557 1066 1626 humi
1088 1557 1292 1626 clamoribus
1314 1559 1422 1627 inem:

528 1685 578 1752 Ac
600 1685 689 1751 Deus
709 1681 864 1750 arridens
887 1680 980 1750 sacili
1003 1699 1058 1748 me
1080 1680 1211 1749 lumine
1233 1680 1327 1748 vidit.

529 1813 623 1876 Tune
645 1808 769 1875 ardent
790 1807 907 1889 animi,
932 1805 1090 1874 fortunae
1113 1807 1151 1874 ut
1174 1807 1318 1874 nuncius
1340 1807 1441 1877 issem

329 1934 373 1999 65
526 1933 660 1999 Primus
680 1947 762 2016 ego:
786 1947 929 2017 propero
953 1928 1100 1998 reditum
1122 1930 1295 2017 saltusque
1318 1932 1439 1998 reviso.

419 2058 502 2126 Mel.
526 2056 713 2124 Fortunate
736 2055 853 2122 nimis!
877 2055 937 2122 tibi
960 2056 1012 2122 tot
1035 2055 1201 2123 miracula
1222 2073 1337 2124 rernm

527 2184 587 2249 list
608 2181 731 2249 vidisse
754 2179 892 2248 datum:
917 2179 982 2247 unt
1006 2180 1044 2248 et
1066 2179 1261 2249 benesnada
1281 2180 1418 2268 cupido,
1475 2219 1479 2226 ·

531 2308 577 2373 Te
600 2304 753 2385 cedente,
778 2305 856 2372 viae
878 2305 1006 2371 socium
1028 2322 1084 2372 me
1105 2304 1249 2389 iungere
1275 2306 1450 2392 (magnam

533 2429 718 2498 Audieram
740 2429 842 2497 toties
863 2427 980 2497 extolli
1004 2428 1143 2496 nomine
1168 2429 1345 2516 Romam);

336 2553 379 2618 70
532 2554 575 2619 Et
598 2552 756 2636 facerem,
780 2553 815 2620 ni
837 2551 923 2620 dura
945 2552 1046 2620 minis
1069 2555 1105 2620 et
1128 2570 1211 2619 voce
1235 2570 1383 2620 noverca

532 2677 691 2744 Dixisset:
715 2676 865 2744 Graciles
887 2694 1029 2761 puerum
1051 2694 1190 2744 servare
1214 2677 1361 2763 capellas

533 2801 711 2888 ilicoque,
734 2801 824 2868 haud
847 2802 949 2885 longe
971 2803 1097 2888 positas
1119 2802 1291 2890 inquirere
1314 2805 1431 2870 terras

422 2930 494 2996 Alc.
525 2927 589 2996 Sed
611 2929 680 2995 iam
702 2927 772 2995 iam
793 2931 927 2996 saturas
949 2931 1082 3013 tempus
1104 2928 1263 2996 cohibere
1287 2927 1435 3014 capellas

533 3055 575 3118 Et
598 3053 739 3120 comites
760 3052 853 3120 silvis
885 3053 999 3120 excire
1022 3056 1058 3120 et
1082 3052 1252 3120 montibus
1273 3052 1360 3119 altis.

337 3177 380 3242 75
536 3177 721 3246 Lucentem
744 3178 788 3244 ad
809 3177 947 3246 fluvium
965 3179 1130 3264 viridique
1154 3178 1190 3245 in
1205 3177 1362 3264 margine
1383 3177 1478 3262 ripae
1533 3255 1545 3280 ⁵

533 3304 766 3370 Conveniant:
790 3303 912 3370 deceat
934 3303 1037 3372 festas
1059 3303 1192 3387 agitare
1215 3303 1358 3371 choreas

508 3457 511 3470 .
537 3429 578 3494 Et
600 3429 722 3495 cantus
743 3427 886 3496 iterare:
911 3429 1016 3495 Deum
1040 3427 1197 3496 tollemus
1218 3428 1262 3494 ad
1288 3429 1390 3495 astra.

535 3550 596 3618 Ille
618 3551 753 3638 quidem
778 3554 899 3619 tennes
921 3571 990 3618 non
1012 3550 1218 3637 dedignatur
1239 3567 1368 3620 avenas

538 3678 734 3758 Pastorum;
757 3677 814 3744 ille
837 3676 972 3763 quidem
995 3676 1144 3744 Pastoris
1166 3677 1305 3745 nomine
1326 3676 1471 3762 gaudet,

342 3802 385 3866 80
539 3801 580 3868 lit
603 3803 749 3888 pecudes
763 3820 883 3870 curare
905 3803 993 3870 solet
1014 3803 1248 3888 pecudumque
1271 3801 1462 3887 magistros.

1263 3957 1301 3990 ΑΗ.
1319 3955 1445 3990 [mmxliv

791 4167 1104 4188 ΛΛΜΛΙΜΜ

416 4436 448 4496 (ll
463 4437 558 4494 ductor,
574 4450 642 4495 qnnm
656 4437 729 4484 adhuc
744 4439 768 4484 in
783 4439 872 4498 ephebis
888 4441 953 4498 esset
965 4441 1055 4496 rogetus
1065 4451 1153 4486 carmen
1169 4451 1183 4484 a
1198 4445 1261 4497 patre
1272 4437 1295 4484 in
1307 4437 1409 4483 honorum
1420 4437 1471 4483 nori
1482 4437 1540 4482 Pon-

354 4517 427 4574 titiu's,
443 4517 500 4564 hanc
516 4519 605 4576 scripsit
621 4520 731 4574 eclogam:
747 4531 775 4564 ox
790 4533 848 4578 que,
863 4521 951 4578 meliore
966 4533 1078 4579 nunquam
1094 4521 1182 4577 fanore,
1196 4520 1289 4568 totidem
1299 4519 1328 4564 sb
1343 4519 1392 4576 ipso
1401 4521 1464 4578 petra
1474 4520 1539 4567 inlice

353 4599 462 4658 percepit,
478 4601 533 4657 quot
549 4599 647 4646 versibus
661 4600 756 4646 constat.
