3564 5376
326 531 369 597 44
797 545 1058 598 urcununnrncs

432 673 536 742 Sirius
557 673 691 741 interea
712 673 855 757 ignavos
876 673 1066 741 adduxerat
1087 677 1219 742 aestus:

432 799 600 868 Arescuut
622 798 750 884 lentas,
773 799 867 868 nmis
887 801 1023 868 deserta
1045 799 1207 869 fatiscunt

432 924 539 990 Arva:
564 925 681 990 lacent
702 922 857 1009 zephyri,
878 922 1040 1009 gravibus
1061 923 1120 992 sed
1143 924 1319 1011 plumbeus
1339 923 1455 990 auster

433 1047 636 1116 incumbens
657 1047 720 1116 alis
741 1047 839 1116 liores
861 1050 897 1116 et
919 1049 1078 1133 gramina
1099 1049 1221 1130 siccat,

322 1174 388 1240 335
433 1173 503 1241 Aut
524 1175 619 1242 caelo
641 1173 766 1242 nebula
786 1173 836 1242 sol
858 1173 1141 1243 circumfunditur
1163 1176 1256 1255 atra,

431 1300 499 1366 Aut
521 1298 602 1366 iacit
623 1299 785 1368 ardentes
805 1298 1016 1368 flemmarum
1039 1318 1084 1367 en
1106 1299 1188 1368 orbe
1209 1301 1362 1386 sagittas

433 1427 504 1494 Nec
527 1445 581 1495 ros
604 1444 706 1497 mane
727 1426 851 1507 solum,
877 1443 989 1513 neque
1011 1427 1121 1495 noctis
1143 1429 1313 1513 temperat
1334 1428 1471 1494 umbra:

432 1552 571 1637 Diffugit
593 1570 636 1620 ex
658 1552 763 1622 oculis
783 1569 938 1636 somnne,
962 1571 1027 1620 nec
1049 1555 1203 1622 membra
1225 1553 1339 1639 quiete

432 1677 534 1745 Fessa
556 1678 673 1746 levant
695 1677 865 1760 homines,
886 1676 1010 1746 effetae
1033 1697 1173 1764 corpere
1196 1679 1286 1746 vires
1293 1697 1302 1760 ;

321 1801 388 1868 340
432 1802 589 1886 Languet
611 1819 704 1887 opus
729 1801 822 1868 Vidit
843 1801 966 1884 Satan,
990 1802 1047 1888 qui
1069 1801 1180 1871 victus
1201 1801 1245 1870 ad
1267 1819 1345 1868 eras
1402 1871 1410 1886 ,

431 1925 592 1994 Adriacas
612 1927 725 1994 artem
746 1925 942 2011 rabiemque
965 1925 1055 1994 baud
1080 1927 1206 1994 tractus
1229 1926 1359 2008 omisit,

430 2046 618 2133 Compellat
639 2047 762 2115 socios:
786 2048 888 2114 erebo
911 2049 994 2116 tunc
1016 2047 1170 2132 protinus
1192 2047 1262 2116 imo

430 2171 594 2239 Immanis
615 2173 733 2256 Dagon
756 2173 792 2240 et
813 2171 966 2240 sordidus
988 2171 1196 2240 Asmcdeeus

432 2299 474 2364 ut
495 2296 683 2364 Behemcth
706 2295 879 2382 Bellalque
900 2300 1021 2381 ruunt,
1045 2299 1081 2364 et
1103 2297 1207 2364 durus
1229 2294 1393 2363 Abaddon

322 2421 387 2488 345
431 2421 473 2488 ut
495 2420 644 2502 Moloch,
666 2421 790 2507 ingens
811 2422 848 2487 et
868 2421 950 2488 Baal
973 2421 1210 2507 innumerique
1233 2423 1423 2507 sequuntur

432 2545 562 2614 Inferni
585 2563 742 2632 proceres
763 2545 996 2632 pollentesque
1019 2547 1095 2614 arte
1118 2545 1281 2626 nocendi;

431 2672 603 2739 Invadunt
624 2672 759 2753 urbem,
790 2670 904 2738 clades
924 2673 961 2740 et
983 2670 1105 2740 lunera
1127 2671 1282 2739 miscent

418 2797 507 2864 'Nou
528 2814 625 2864 secus
646 2797 793 2882 Aegypti
816 2795 948 2864 Pharao
972 2796 1107 2883 quando
1130 2795 1253 2882 impius
1275 2796 1379 2864 audet
1441 2872 1455 2889 ι

429 2923 596 3008 Spernere
629 2922 720 2990 iussa
741 2921 800 2989 Dei
831 2923 1013 3008 ludamque
1037 2922 1250 3007 obstringere
1273 2920 1409 3002 vinclis,

321 3050 386 3116 350
431 3049 620 3133 Erumpunt
641 3047 872 3134 populantque
895 3047 1041 3116 inlestae
1065 3048 1157 3115 culte
1179 3047 1337 3114 locustae.

430 3173 637 3260 Praecipites
659 3175 763 3260 ponto
786 3173 1006 3255 incumbunt,
1031 3173 1245 3258 tiberiusque
1268 3175 1390 3240 contra

432 3297 525 3365 Ostia
546 3295 754 3382 compellunt
777 3299 915 3380 ventes,
939 3314 984 3364 ne
1007 3295 1132 3364 delluat
1156 3295 1247 3362 unda

432 3425 471 3490 ln
494 3439 590 3491 mare
611 3423 811 3504 decurrens;
834 3421 972 3490 tumidis
993 3425 1068 3490 tum
1090 3421 1246 3490 ductibus
1268 3421 1378 3488 amnis

432 3548 604 3635 Exuperat
633 3549 703 3618 late
733 3549 823 3634 ripas
845 3549 882 3616 et
903 3565 1033 3616 cornua
1056 3547 1161 3632 tollit,

321 3675 386 3741 355
431 3673 702 3759 Bacchaturque,
719 3672 891 3758 trahitque
908 3671 1026 3740 furens
1041 3674 1252 3758 pecudesque
1274 3673 1504 3757 hominesque.

430 3800 600 3870 Letiferae
621 3800 763 3885 putrent
784 3800 944 3883 corrupta
965 3817 1026 3884 per
1048 3817 1132 3867 arra
1155 3799 1309 3884 paludes,

430 3925 586 3995 labescit
607 3924 731 4010 passim
754 3922 948 4008 rabidisque
971 3921 1138 3990 caloribus
1158 3941 1219 3991 aer

432 4052 601 4133 Inficitur,
632 4052 706 4117 tcta
727 4049 832 4135 pestis
853 4049 1048 4118 dominatur
1070 4049 1104 4116 in
1128 4051 1222 4117 urbe.

519 4174 689 4260 Principio
712 4173 816 4242 febris
836 4173 943 4260 serpit
965 4173 1025 4241 sed
1048 4174 1160 4258 lenta,
1184 4175 1331 4242 colerem

323 4309 388 4375 360
432 4306 503 4374 Nec
526 4306 644 4372 tamen
664 4301 793 4370 amittit
815 4300 945 4383 vultus,
968 4319 1048 4367 mox
1069 4300 1232 4384 glandula
1254 4302 1370 4385 turget

434 4430 571 4517 Turpis,
594 4431 630 4496 et
652 4425 764 4495 axillis
785 4429 930 4513 apparet
950 4429 986 4493 et
1008 4425 1146 4493 auribus
1167 4425 1287 4508 ulcus,

433 4555 528 4633 Quod
550 4555 618 4622 cite
641 4557 839 4640 putrescens
861 4551 957 4623 sanie
979 4550 1198 4634 disrumpitur
1219 4551 1313 4629 atra;
