3560 5368
319 515 383 580 276
788 529 1063 582 rnarnsumnos

426 651 572 720 Auribus
594 654 630 719 et
651 650 804 737 pendent
824 669 985 738 gemmae
1015 652 1169 739 colloque
1192 652 1317 720 monile

316 779 382 846 330
425 774 696 845 vermiculatum
718 792 822 858 auro,
857 775 994 862 plantas
1014 775 1170 844 sandalia
1191 775 1366 861 stringunt

427 901 553 983 Lutea
580 903 618 968 et
639 898 732 968 elata
755 900 877 968 dextra
899 899 957 968 lax
978 899 1073 967 clara
1095 901 1258 968 coruscat

427 1024 479 1092 Oh
503 1023 645 1090 nimium
667 1022 838 1110 speciosa!
863 1023 953 1092 nitet
975 1023 1132 1092 caelestis
1154 1024 1267 1110 imago

427 1148 631 1230 Ierusalem,
655 1148 819 1233 Sponsam
841 1146 933 1232 Agni
956 1165 1060 1233 quam
1082 1147 1124 1214 de
1146 1146 1226 1216 sede
1248 1165 1397 1234 superna

425 1271 552 1339 (tornet
572 1273 721 1338 loannes
743 1271 862 1336 urbem
884 1267 1090 1338 descendere
1113 1269 1223 1337 terris.

316 1398 382 1464 335
425 1395 644 1480 Subsequitur
667 1393 808 1480 Ioseph,
831 1393 943 1478 glauci
966 1394 1021 1461 cui
1043 1393 1134 1480 palla
1157 1395 1278 1464 coloris

424 1519 548 1605 Ampla
570 1517 664 1602 fluit,
689 1518 843 1586 cinctura
865 1517 955 1585 latus
976 1519 1176 1604 perstringit
1198 1521 1235 1587 et
1255 1520 1332 1588 albo

426 1644 547 1729 Flore,
570 1643 661 1730 regit
682 1642 805 1710 dextra
826 1642 981 1728 virgam,
1003 1660 1092 1728 quae
1113 1644 1254 1712 numine
1277 1645 1363 1712 caeli

428 1769 635 1853 succrescit,
657 1768 734 1854 puri
756 1767 1004 1835 monimentum
1027 1773 1063 1835 et
1085 1768 1209 1854 pignus
1230 1771 1362 1838 amoris

428 1895 620 1982 Insequitur
643 1893 766 1962 festiva
788 1891 907 1961 cohors
928 1894 965 1959 et
988 1891 1099 1978 pulsat
1120 1893 1259 1961 eburnis

318 2025 383 2091 340
427 2020 623 2090 Pectinibus
644 2019 807 2100 citharas,
830 2017 930 2085 simul
952 2019 989 2085 et
1009 2016 1095 2084 dant
1116 2034 1244 2087 cornua
1266 2021 1416 2087 cantum.

428 2150 633 2215 Innumerae
656 2143 784 2212 circum
807 2142 929 2210 medae
952 2141 1084 2228 fulgore
1108 2143 1263 2212 relucent

429 2275 471 2342 Et
492 2272 637 2338 vincunt
659 2269 768 2338 noctis
790 2267 969 2350 tenebras,
994 2268 1156 2355 puerique
1177 2269 1375 2356 puellaeque

429 2396 615 2465 Effundunt
637 2395 736 2463 tiores
758 2396 795 2462 et
810 2393 938 2462 callem
960 2392 1111 2461 vestibus
1132 2397 1269 2461 ornant.

429 2523 483 2591 Sic
504 2521 572 2590 eris
593 2525 630 2589 et
651 2519 740 2587 dulci
759 2521 818 2602 tu,
841 2493 968 2603 Virgo,
991 2517 1163 2586 simillima
1185 2518 1294 2586 Nato:

319 2651 385 2716 315
430 2651 521 2714 Ante
544 2646 673 2714 etenim
696 2644 839 2729 Solymis
859 2643 1025 2712 solemnia
1047 2645 1145 2712 tanta
1166 2651 1348 2730 parantur,

428 2775 510 2841 Post
529 2771 698 2858 gemitus,
721 2769 816 2838 dolor
839 2772 875 2838 et
896 2768 1003 2836 tristis
1024 2768 1145 2838 feralia
1167 2769 1301 2837 montis.

429 2899 517 2984 Ergo
541 2896 738 2983 introgressi
761 2894 897 2980 sedern,
919 2914 986 2963 vox
1009 2912 1079 2963 uua
1101 2897 1288 2964 canentum

428 3023 592 3105 Emicuit,
614 3021 751 3107 paribus
773 3020 904 3107 sponsis
927 3021 1015 3088 bona
1038 3023 1163 3088 cuncta
1184 3021 1331 3107 precati,

430 3152 469 3217 Iu
492 3166 554 3215 sua
576 3149 657 3215 vota
678 3149 786 3214 Deum
807 3144 979 3227 clamant,
1003 3145 1059 3231 qui
1082 3144 1222 3214 numine
1245 3163 1407 3230 praesens

319 3277 385 3342 350
431 3253 629 3342 abramidas
651 3272 738 3356 tegit
759 3289 800 3340 ac
823 3271 920 3339 donis
942 3271 1138 3356 ingentibus
1162 3275 1287 3358 auget:
1391 3315 1406 3344 .

430 3402 474 3467 Ut
496 3403 617 3466 cautus
639 3400 778 3464 tacuere
802 3396 991 3483 tubaeque,
1015 3396 1142 3481 iugalia
1165 3395 1279 3465 vincla

430 3522 611 3590 Perlbeuis
634 3523 671 3588 et
693 3520 813 3606 Ioseph
835 3521 1029 3603 stringunt,
1053 3521 1157 3606 atque
1179 3519 1304 3587 anulus
1326 3519 1444 3588 Almae

431 3649 595 3717 Inseritur
616 3647 743 3731 digito,
767 3664 838 3714 uon
859 3647 1051 3716 enarrabile
1074 3648 1210 3714 donum.

430 3775 534 3840 Veste
556 3771 767 3858 superposita
790 3771 908 3856 Ioseph
931 3771 1011 3838 dein
1034 3771 1165 3855 obtegit
1186 3771 1317 3857 ipsum,

209 3905 211 3914 ’
319 3899 385 3965 355
430 3897 473 3963 Es
497 3895 577 3962 mibi
594 3895 740 3980 Sponsa,
764 3893 891 3979 inquit,
917 3893 1017 3962 Mosis
1038 3895 1086 3960 sic
1109 3893 1185 3979 lege
1207 3894 1374 3979 iugamur.

432 4021 623 4089 astiterant
644 4022 750 4087 testes
772 4020 930 4106 prognati
953 4037 973 4087 e
994 4021 1125 4092 semine
1148 4021 1259 4099 cives,

430 4147 635 4227 Bethlemis,
666 4146 901 4232 Cleopheque,
926 4147 1028 4214 Anna
1057 4150 1160 4233 alque
1184 4163 1325 4233 operosa
1348 4147 1485 4229 Noemi,

434 4271 601 4352 AntisteS,
631 4269 792 4354 Simeon,
815 4268 996 4356 pluresque
1019 4287 1063 4337 ex
1085 4272 1204 4340 ordine
1229 4275 1376 4358 mystae,

430 4397 674 4484 Spumantique
696 4414 781 4483 puer
803 4397 939 4482 replens
960 4397 1134 4466 carchesia
1156 4397 1237 4465 vino

319 4525 385 4590 360
429 4525 493 4591 Dat
515 4523 665 4610 sponsis:
689 4523 794 4608 Virgo
816 4541 946 4590 summo
971 4525 1072 4592 tanim
1093 4525 1210 4610 attigit
1232 4542 1310 4593 ore:
