3576 5376
320 487 384 553 408
493 525 496 537 ·
788 525 790 534 ,
865 501 980 550 verua

422 627 519 705 Quod
540 631 710 715 praestas,
735 625 939 710 Benedime,
962 626 1032 696 ullo
1053 644 1123 696 non
1146 629 1280 696 excidet
1301 647 1411 712 aevo,

509 755 551 820 ut
573 753 713 821 memori
737 767 913 837 nunquam
935 750 1067 820 diffluet
1088 767 1133 820 ex
1156 753 1280 822 animo.

878 1002 956 1068 VIII

638 1245 874 1298 Bnuuaumuo
897 1248 1092 1305 QVA'I'RINIO
1114 1247 1194 1299 CAN.

381 1373 426 1426 DE
450 1372 530 1425 EIVS
553 1373 693 1424 lunulcn
717 1372 895 1424 VERSIONE
930 1373 1102 1424 ELEGIAR.
1127 1375 1267 1425 usuram
1299 1374 1450 1425 Puunou.

422 1585 581 1654 Carmina
602 1585 826 1654 Parthenidos
848 1585 1035 1656 recolentis
1057 1587 1188 1654 moesta
1209 1586 1362 1668 dolores,

510 1711 604 1788 Quae
627 1710 714 1778 Latii
736 1710 889 1780 numeris
909 1711 1103 1796 scripsimus
1123 1710 1326 1796 imparibus,

426 1836 509 1902 Dum
531 1838 589 1916 tu,
613 1835 788 1918 Quatrini,
812 1834 931 1922 patriis
952 1835 1001 1902 sie
1023 1833 1176 1902 versibus
1197 1852 1320 1918 ornas,

509 1959 665 2028 Admiror
687 1962 826 2045 coeptus
847 1959 1092 2045 ingeniumque
1115 1960 1220 2027 tuum.

424 2081 574 2172 Virginis
596 2081 675 2149 hinc
698 2083 831 2169 quoties
853 2081 964 2150 luctus
985 2083 1178 2152 meminIsse
1201 2081 1348 2162 lubebii,

510 2208 585 2276 Non
608 2225 703 2293 mea,
725 2209 785 2276 sed
807 2209 868 2276 tua
889 2207 977 2292 iam,
1000 2207 1099 2277 docte
1121 2209 1248 2290 Poeta,
1272 2207 1393 2294 legam.
1438 2215 1444 2226 ·

888 2455 937 2521 ΙΧ

597 2705 635 2754 IN
658 2703 718 2752 DIE
741 2701 875 2754 uanam
898 2701 1042 2754 NIGOLAI
1075 2701 1233 2753 uicounn

517 2829 713 2881 cumulus
739 2828 880 2878 VIARVII
914 2828 1019 2879 VRBIS
1049 2828 1313 2878 SOLLIIR‘I'ISSIIII

425 3044 510 3122 Quid
533 3043 615 3126 tibi,
639 3040 797 3124 Nicolae,
820 3042 947 3126 Deum,
970 3043 1050 3129 quid
1073 3041 1227 3111 versibus
1248 3061 1362 3126 orem,

508 3172 601 3237 Haec
623 3169 704 3236 dum
726 3166 851 3238 natalis
873 3167 982 3252 urget
1003 3169 1114 3236 amisa
1136 3168 1231 3236 diesi

425 3293 625 3377 Incolumis
648 3292 730 3361 felix
752 3309 813 3378 per
834 3294 886 3360 tot
908 3291 1103 3362 dIserimine
1117 3293 1210 3362 vitae

510 3421 648 3506 Semper
670 3417 843 3486 inoffensis
865 3417 1037 3486 transilias
1068 3419 1229 3504 pedibus!

423 3545 552 3631 Quippe
575 3544 634 3611 tuo
656 3545 709 3611 est
730 3541 819 3609 dono
843 3542 1022 3628 quodiam
1045 3542 1197 3610 licetne
1231 3545 1341 3614 redire

512 3667 610 3736 Urbis
630 3665 794 3734 inoffenso
816 3684 877 3750 per
898 3665 974 3734 loca
997 3669 1123 3734 cuncta
1145 3668 1241 3752 pede.

900 3896 933 3961 Χ

737 4141 899 4195 nunninus
919 4141 1096 4194 CAPITOLII

423 4362 471 4430 Sit
495 4361 606 4430 custos
629 4357 716 4428 arcis
745 4356 908 4444 Tarpeiae
930 4356 1092 4425 candidus
1113 4376 1232 4442 anser;

511 4487 648 4566 CedIte,
672 4483 818 4569 segnitie
840 4482 1004 4569 languida
1026 4485 1146 4569 turba,
1170 4504 1296 4554 canes:
