<?xml version="1.0" encoding="UTF-8"?>
<!DOCTYPE html PUBLIC "-//W3C//DTD XHTML 1.0 Transitional//EN"
    "http://www.w3.org/TR/xhtml1/DTD/xhtml1-transitional.dtd">
<html xmlns="http://www.w3.org/1999/xhtml" xml:lang="en" lang="en">
 <head>
  <title>
</title>
<meta http-equiv="Content-Type" content="text/html;charset=utf-8" />
  <meta name='ocr-system' content='tesseract 3.04.00' />
  <meta name='ocr-capabilities' content='ocr_page ocr_carea ocr_par ocr_line ocrx_word'/>
</head>
<body>
  <div class='ocr_page' id='page_1' title='image "./carmina00morigoog_0043.png"; bbox 0 0 3564 5376; ppageno 0'>
   <div class='ocr_carea' id='block_1_1' title="bbox 336 509 1068 574">
    <p class='ocr_par' dir='ltr' id='par_1_1' title="bbox 336 509 1068 574">
     <span class='ocr_line' id='line_1_1' title="bbox 336 509 1068 574; baseline -0.011 0"><span class='ocrx_word' id='word_1_1' title='bbox 336 509 378 574; x_wconf 88' lang='lat'><strong>38</strong></span> <span class='ocrx_word' id='word_1_2' title='bbox 806 517 1068 568; x_wconf 78' lang='lat' dir='ltr'><strong>mronanumnos</strong></span> 
     </span>
    </p>
   </div>
   <div class='ocr_carea' id='block_1_2' title="bbox 336 639 1500 2612">
    <p class='ocr_par' dir='ltr' id='par_1_2' title="bbox 336 639 1500 2612">
     <span class='ocr_line' id='line_1_2' title="bbox 443 639 1166 732; baseline 0.001 -20"><span class='ocrx_word' id='word_1_3' title='bbox 443 649 583 732; x_wconf 87' lang='lat' dir='ltr'><strong>Ignaros</strong></span> <span class='ocrx_word' id='word_1_4' title='bbox 605 644 740 728; x_wconf 89' lang='lat' dir='ltr'><strong>ludent;</strong></span> <span class='ocrx_word' id='word_1_5' title='bbox 763 643 867 710; x_wconf 91' lang='lat' dir='ltr'><strong>armis</strong></span> <span class='ocrx_word' id='word_1_6' title='bbox 887 645 1026 711; x_wconf 87' lang='lat' dir='ltr'><strong>utamur</strong></span> <span class='ocrx_word' id='word_1_7' title='bbox 1042 639 1166 713; x_wconf 71' lang='lat' dir='ltr'><strong>&#39;iisdem</strong></span> 
     </span>
     <span class='ocr_line' id='line_1_3' title="bbox 337 768 1426 855; baseline 0.001 -15"><span class='ocrx_word' id='word_1_8' title='bbox 337 774 398 840; x_wconf 78' lang='lat'><strong>140</strong></span> <span class='ocrx_word' id='word_1_9' title='bbox 442 771 543 849; x_wconf 87' lang='lat' dir='ltr'><strong>Queis</strong></span> <span class='ocrx_word' id='word_1_10' title='bbox 566 770 657 838; x_wconf 81' lang='lat' dir='ltr'><strong>serus</strong></span> <span class='ocrx_word' id='word_1_11' title='bbox 679 769 753 837; x_wconf 92' lang='lat' dir='ltr'><strong>ille:</strong></span> <span class='ocrx_word' id='word_1_12' title='bbox 776 768 950 855; x_wconf 82' lang='lat' dir='ltr'><strong>equidem,</strong></span> <span class='ocrx_word' id='word_1_13' title='bbox 973 770 1091 855; x_wconf 90' lang='lat' dir='ltr'><strong>credo,</strong></span> <span class='ocrx_word' id='word_1_14' title='bbox 1115 773 1266 841; x_wconf 61' lang='lat' dir='ltr'><strong>terrama</strong></span> <span class='ocrx_word' id='word_1_15' title='bbox 1287 773 1426 842; x_wconf 86' lang='lat' dir='ltr'><strong>iuvabit</strong></span> 
     </span>
     <span class='ocr_line' id='line_1_4' title="bbox 442 895 1357 979; baseline 0.003 -15"><span class='ocrx_word' id='word_1_16' title='bbox 442 898 488 964; x_wconf 90' lang='lat' dir='ltr'><strong>At</strong></span> <span class='ocrx_word' id='word_1_17' title='bbox 509 895 652 964; x_wconf 89' lang='lat' dir='ltr'><strong>Schirim</strong></span> <span class='ocrx_word' id='word_1_18' title='bbox 674 898 811 964; x_wconf 88' lang='lat' dir='ltr'><strong>contra:</strong></span> <span class='ocrx_word' id='word_1_19' title='bbox 834 913 905 963; x_wconf 91' lang='lat' dir='ltr'><strong>non</strong></span> <span class='ocrx_word' id='word_1_20' title='bbox 928 896 1010 979; x_wconf 86' lang='lat' dir='ltr'><strong>hoo,</strong></span> <span class='ocrx_word' id='word_1_21' title='bbox 1033 915 1104 966; x_wconf 91' lang='lat' dir='ltr'><strong>non</strong></span> <span class='ocrx_word' id='word_1_22' title='bbox 1126 899 1264 968; x_wconf 87' lang='lat' dir='ltr'><strong>ansibus</strong></span> <span class='ocrx_word' id='word_1_23' title='bbox 1285 901 1357 969; x_wconf 90' lang='lat' dir='ltr'><strong>istis</strong></span> 
     </span>
     <span class='ocr_line' id='line_1_5' title="bbox 442 1021 1368 1110; baseline 0.005 -20"><span class='ocrx_word' id='word_1_24' title='bbox 442 1026 587 1110; x_wconf 80' lang='lat' dir='ltr'>Tempus</span> <span class='ocrx_word' id='word_1_25' title='bbox 609 1025 705 1107; x_wconf 83' lang='lat' dir='ltr'><strong>eget:</strong></span> <span class='ocrx_word' id='word_1_26' title='bbox 740 1021 879 1090; x_wconf 91' lang='lat' dir='ltr'><strong>memini</strong></span> <span class='ocrx_word' id='word_1_27' title='bbox 902 1021 1030 1108; x_wconf 92' lang='lat' dir='ltr'><strong>phariis</strong></span> <span class='ocrx_word' id='word_1_28' title='bbox 1059 1023 1139 1110; x_wconf 90' lang='lat' dir='ltr'><strong>quid</strong></span> <span class='ocrx_word' id='word_1_29' title='bbox 1163 1025 1246 1094; x_wconf 91' lang='lat' dir='ltr'><strong>talia</strong></span> <span class='ocrx_word' id='word_1_30' title='bbox 1267 1027 1368 1095; x_wconf 90' lang='lat' dir='ltr'><strong>terris</strong></span> 
     </span>
     <span class='ocr_line' id='line_1_6' title="bbox 442 1147 1359 1234; baseline 0.004 -18"><span class='ocrx_word' id='word_1_31' title='bbox 442 1147 653 1232; x_wconf 82' lang='lat' dir='ltr'>Profuerint,</span> <span class='ocrx_word' id='word_1_32' title='bbox 677 1165 793 1233; x_wconf 83' lang='lat' dir='ltr'><strong>regern</strong></span> <span class='ocrx_word' id='word_1_33' title='bbox 817 1148 926 1216; x_wconf 86' lang='lat' dir='ltr'><strong>Moses</strong></span> <span class='ocrx_word' id='word_1_34' title='bbox 948 1165 1051 1234; x_wconf 91' lang='lat' dir='ltr'><strong>quum</strong></span> <span class='ocrx_word' id='word_1_35' title='bbox 1072 1151 1173 1218; x_wconf 88' lang='lat' dir='ltr'><strong>tanta</strong></span> <span class='ocrx_word' id='word_1_36' title='bbox 1195 1155 1359 1221; x_wconf 87' lang='lat' dir='ltr'><strong>moneret</strong></span> 
     </span>
     <span class='ocr_line' id='line_1_7' title="bbox 441 1273 1361 1364; baseline 0.003 -21"><span class='ocrx_word' id='word_1_37' title='bbox 441 1275 570 1360; x_wconf 90' lang='lat' dir='ltr'><strong>Siponti</strong></span> <span class='ocrx_word' id='word_1_38' title='bbox 594 1273 692 1342; x_wconf 92' lang='lat' dir='ltr'><strong>modo</strong></span> <span class='ocrx_word' id='word_1_39' title='bbox 715 1273 826 1341; x_wconf 83' lang='lat' dir='ltr'><strong>fervet</strong></span> <span class='ocrx_word' id='word_1_40' title='bbox 847 1289 948 1360; x_wconf 90' lang='lat' dir='ltr'><strong>opus,</strong></span> <span class='ocrx_word' id='word_1_41' title='bbox 972 1274 1070 1342; x_wconf 92' lang='lat' dir='ltr'><strong>modo</strong></span> <span class='ocrx_word' id='word_1_42' title='bbox 1094 1276 1221 1346; x_wconf 85' lang='lat' dir='ltr'><strong>viribus</strong></span> <span class='ocrx_word' id='word_1_43' title='bbox 1242 1279 1361 1364; x_wconf 85' lang='lat' dir='ltr'><strong>aequis</strong></span> 
     </span>
     <span class='ocr_line' id='line_1_8' title="bbox 337 1391 1317 1486; baseline 0.004 -19"><span class='ocrx_word' id='word_1_44' title='bbox 337 1401 400 1470; x_wconf 84' lang='grc'><strong>145</strong></span> <span class='ocrx_word' id='word_1_45' title='bbox 442 1397 648 1468; x_wconf 87' lang='lat' dir='ltr'><strong>incumbunt</strong></span> <span class='ocrx_word' id='word_1_46' title='bbox 669 1391 805 1480; x_wconf 77' lang='lat' dir='ltr'><strong>omned3</strong></span> <span class='ocrx_word' id='word_1_47' title='bbox 828 1397 961 1466; x_wconf 89' lang='lat' dir='ltr'><strong>animos</strong></span> <span class='ocrx_word' id='word_1_48' title='bbox 982 1398 1148 1469; x_wconf 80' lang='lat' dir='ltr'><strong>discordia</strong></span> <span class='ocrx_word' id='word_1_49' title='bbox 1168 1403 1301 1471; x_wconf 89' lang='lat' dir='ltr'><strong>scindat</strong></span> <span class='ocrx_word' id='word_1_50' title='bbox 1307 1421 1317 1486; x_wconf 82' lang='lat'><em>3</em></span> 
     </span>
     <span class='ocr_line' id='line_1_9' title="bbox 443 1523 1281 1609; baseline 0.006 -17"><span class='ocrx_word' id='word_1_51' title='bbox 443 1525 555 1594; x_wconf 85' lang='lat' dir='ltr'><strong>Turba</strong></span> <span class='ocrx_word' id='word_1_52' title='bbox 576 1524 700 1592; x_wconf 85' lang='lat' dir='ltr'><strong>insana</strong></span> <span class='ocrx_word' id='word_1_53' title='bbox 722 1523 825 1592; x_wconf 90' lang='lat' dir='ltr'><strong>Babel</strong></span> <span class='ocrx_word' id='word_1_54' title='bbox 847 1525 981 1609; x_wconf 90' lang='lat' dir='ltr'><strong>repetet</strong></span> <span class='ocrx_word' id='word_1_55' title='bbox 1002 1525 1146 1594; x_wconf 90' lang='lat' dir='ltr'><strong>ludibria</strong></span> <span class='ocrx_word' id='word_1_56' title='bbox 1169 1527 1281 1596; x_wconf 85' lang='lat' dir='ltr'><strong>turris.</strong></span> 
     </span>
     <span class='ocr_line' id='line_1_10' title="bbox 443 1648 1500 1741; baseline 0.002 -22"><span class='ocrx_word' id='word_1_57' title='bbox 443 1653 517 1736; x_wconf 86' lang='lat' dir='ltr'><strong>Ipse</strong></span> <span class='ocrx_word' id='word_1_58' title='bbox 540 1649 651 1718; x_wconf 81' lang='lat' dir='ltr'><strong>lacem</strong></span> <span class='ocrx_word' id='word_1_59' title='bbox 672 1649 872 1732; x_wconf 78' lang='lat' dir='ltr'><strong>incendam,</strong></span> <span class='ocrx_word' id='word_1_60' title='bbox 895 1648 968 1734; x_wconf 88' lang='lat' dir='ltr'><strong>ipse</strong></span> <span class='ocrx_word' id='word_1_61' title='bbox 989 1654 1157 1736; x_wconf 84' lang='lat' dir='ltr'><strong>egomet..</strong></span> <span class='ocrx_word' id='word_1_62' title='bbox 1181 1651 1245 1722; x_wconf 88' lang='lat' dir='ltr'><strong>Sed</strong></span> <span class='ocrx_word' id='word_1_63' title='bbox 1266 1653 1378 1724; x_wconf 90' lang='lat' dir='ltr'><strong>dicere</strong></span> <span class='ocrx_word' id='word_1_64' title='bbox 1401 1655 1500 1741; x_wconf 91' lang='lat' dir='ltr'><strong>plura</strong></span> 
     </span>
     <span class='ocr_line' id='line_1_11' title="bbox 443 1771 1290 1863; baseline 0.004 -20"><span class='ocrx_word' id='word_1_65' title='bbox 443 1775 633 1843; x_wconf 87' lang='lat' dir='ltr'><strong>Conantem</strong></span> <span class='ocrx_word' id='word_1_66' title='bbox 656 1772 790 1840; x_wconf 91' lang='lat' dir='ltr'><strong>Seddim</strong></span> <span class='ocrx_word' id='word_1_67' title='bbox 811 1771 938 1860; x_wconf 86' lang='lat' dir='ltr'><strong>rumpit</strong></span> <span class='ocrx_word' id='word_1_68' title='bbox 960 1773 1008 1841; x_wconf 92' lang='lat' dir='ltr'><strong>sic</strong></span> <span class='ocrx_word' id='word_1_69' title='bbox 1031 1791 1114 1843; x_wconf 88' lang='lat' dir='ltr'><strong>voce</strong></span> <span class='ocrx_word' id='word_1_70' title='bbox 1138 1778 1290 1863; x_wconf 90' lang='lat' dir='ltr'><strong>procaci:</strong></span> 
     </span>
     <span class='ocr_line' id='line_1_12' title="bbox 443 1896 1342 1985; baseline 0.006 -19"><span class='ocrx_word' id='word_1_71' title='bbox 443 1897 565 1966; x_wconf 91' lang='lat' dir='ltr'><strong>Omnia</strong></span> <span class='ocrx_word' id='word_1_72' title='bbox 586 1915 647 1965; x_wconf 85' lang='lat' dir='ltr'><strong>vos</strong></span> <span class='ocrx_word' id='word_1_73' title='bbox 670 1896 822 1981; x_wconf 80' lang='lat' dir='ltr'><strong>hugiunt,</strong></span> <span class='ocrx_word' id='word_1_74' title='bbox 845 1897 942 1964; x_wconf 89' lang='lat' dir='ltr'><strong>socii:</strong></span> <span class='ocrx_word' id='word_1_75' title='bbox 975 1898 1059 1965; x_wconf 91' lang='lat' dir='ltr'><strong>mihi</strong></span> <span class='ocrx_word' id='word_1_76' title='bbox 1081 1899 1194 1982; x_wconf 90' lang='lat' dir='ltr'><strong>fidite;</strong></span> <span class='ocrx_word' id='word_1_77' title='bbox 1218 1903 1342 1985; x_wconf 89' lang='lat' dir='ltr'><strong>Satan,</strong></span> 
     </span>
     <span class='ocr_line' id='line_1_13' title="bbox 336 2022 1360 2111; baseline 0.004 -20"><span class='ocrx_word' id='word_1_78' title='bbox 336 2025 398 2092; x_wconf 88' lang='lat'><strong>150</strong></span> <span class='ocrx_word' id='word_1_79' title='bbox 442 2022 523 2092; x_wconf 89' lang='lat' dir='ltr'><strong>Fide</strong></span> <span class='ocrx_word' id='word_1_80' title='bbox 546 2023 645 2104; x_wconf 89' lang='lat' dir='ltr'><strong>mihi;</strong></span> <span class='ocrx_word' id='word_1_81' title='bbox 669 2039 884 2108; x_wconf 87' lang='lat' dir='ltr'><strong>nequaquam</strong></span> <span class='ocrx_word' id='word_1_82' title='bbox 906 2022 1005 2092; x_wconf 89' lang='lat' dir='ltr'><strong>hodie</strong></span> <span class='ocrx_word' id='word_1_83' title='bbox 1028 2042 1229 2111; x_wconf 89' lang='lat' dir='ltr'><strong>spernemur</strong></span> <span class='ocrx_word' id='word_1_84' title='bbox 1251 2027 1360 2096; x_wconf 90' lang='lat' dir='ltr'><strong>inulti.</strong></span> 
     </span>
     <span class='ocr_line' id='line_1_14' title="bbox 445 2147 1299 2236; baseline 0.007 -21"><span class='ocrx_word' id='word_1_85' title='bbox 445 2147 638 2216; x_wconf 87' lang='lat' dir='ltr'><strong>Aedificant</strong></span> <span class='ocrx_word' id='word_1_86' title='bbox 659 2147 738 2216; x_wconf 84' lang='lat' dir='ltr'><strong>aliit</strong></span> <span class='ocrx_word' id='word_1_87' title='bbox 760 2147 985 2214; x_wconf 84' lang='lat' dir='ltr'><strong>vastabimus:</strong></span> <span class='ocrx_word' id='word_1_88' title='bbox 1008 2150 1069 2216; x_wconf 89' lang='lat' dir='ltr'><strong>ant</strong></span> <span class='ocrx_word' id='word_1_89' title='bbox 1091 2168 1157 2236; x_wconf 83' lang='lat' dir='ltr'><strong>ogo</strong></span> <span class='ocrx_word' id='word_1_90' title='bbox 1179 2169 1299 2221; x_wconf 88' lang='lat' dir='ltr'><strong>vecors</strong></span> 
     </span>
     <span class='ocr_line' id='line_1_15' title="bbox 445 2271 1402 2362; baseline 0.004 -22"><span class='ocrx_word' id='word_1_91' title='bbox 445 2274 514 2341; x_wconf 88' lang='lat' dir='ltr'><strong>Aut</strong></span> <span class='ocrx_word' id='word_1_92' title='bbox 537 2271 635 2340; x_wconf 83' lang='lat' dir='ltr'><strong>facile</strong></span> <span class='ocrx_word' id='word_1_93' title='bbox 658 2272 744 2340; x_wconf 92' lang='lat' dir='ltr'><strong>haec</strong></span> <span class='ocrx_word' id='word_1_94' title='bbox 766 2272 851 2341; x_wconf 86' lang='lat' dir='ltr'><strong>flent</strong></span> <span class='ocrx_word' id='word_1_95' title='bbox 873 2273 1000 2338; x_wconf 78' lang='lat' dir='ltr'><strong>vindex</strong></span> <span class='ocrx_word' id='word_1_96' title='bbox 1023 2291 1110 2359; x_wconf 89' lang='lat' dir='ltr'><strong>quae</strong></span> <span class='ocrx_word' id='word_1_97' title='bbox 1133 2279 1272 2362; x_wconf 88' lang='lat' dir='ltr'><strong>pectore</strong></span> <span class='ocrx_word' id='word_1_98' title='bbox 1294 2278 1402 2346; x_wconf 86' lang='lat' dir='ltr'><strong>volvo.</strong></span> 
     </span>
     <span class='ocr_line' id='line_1_16' title="bbox 445 2396 1410 2485; baseline 0.008 -21"><span class='ocrx_word' id='word_1_99' title='bbox 445 2397 575 2465; x_wconf 77' lang='lat' dir='ltr'><strong>Annuit</strong></span> <span class='ocrx_word' id='word_1_100' title='bbox 597 2396 650 2464; x_wconf 92' lang='lat' dir='ltr'><strong>his</strong></span> <span class='ocrx_word' id='word_1_101' title='bbox 672 2397 794 2465; x_wconf 88' lang='lat' dir='ltr'><strong>Satan:</strong></span> <span class='ocrx_word' id='word_1_102' title='bbox 818 2415 906 2483; x_wconf 90' lang='lat' dir='ltr'><strong>quae</strong></span> <span class='ocrx_word' id='word_1_103' title='bbox 928 2415 1077 2484; x_wconf 89' lang='lat' dir='ltr'><strong>namque</strong></span> <span class='ocrx_word' id='word_1_104' title='bbox 1099 2401 1255 2485; x_wconf 90' lang='lat' dir='ltr'><strong>potentia</strong></span> <span class='ocrx_word' id='word_1_105' title='bbox 1276 2403 1410 2471; x_wconf 90' lang='lat' dir='ltr'><strong>Seddim</strong></span> 
     </span>
     <span class='ocr_line' id='line_1_17' title="bbox 444 2517 1371 2612; baseline 0.006 -21"><span class='ocrx_word' id='word_1_106' title='bbox 444 2522 604 2592; x_wconf 76' lang='lat' dir='ltr'><strong>vastans</strong></span> <span class='ocrx_word' id='word_1_107' title='bbox 625 2521 785 2606; x_wconf 89' lang='lat' dir='ltr'><strong>insideat,</strong></span> <span class='ocrx_word' id='word_1_108' title='bbox 808 2521 906 2590; x_wconf 90' lang='lat' dir='ltr'><strong>novit</strong></span> <span class='ocrx_word' id='word_1_109' title='bbox 913 2541 923 2606; x_wconf 89' lang='lat'>;</span> <span class='ocrx_word' id='word_1_110' title='bbox 946 2525 1029 2592; x_wconf 91' lang='lat' dir='ltr'><strong>tunc</strong></span> <span class='ocrx_word' id='word_1_111' title='bbox 1051 2517 1371 2612; x_wconf 80' lang='lat' dir='ltr'><strong>murmura‘magnc</strong></span> 
     </span>
    </p>
   </div>
   <div class='ocr_carea' id='block_1_3' title="bbox 342 2645 1434 2861">
    <p class='ocr_par' dir='ltr' id='par_1_3' title="bbox 342 2645 1434 2861">
     <span class='ocr_line' id='line_1_18' title="bbox 342 2645 1389 2742; baseline 0.004 -26"><span class='ocrx_word' id='word_1_112' title='bbox 342 2649 404 2718; x_wconf 87' lang='grc'><strong>155</strong></span> <span class='ocrx_word' id='word_1_113' title='bbox 447 2646 594 2716; x_wconf 88' lang='lat' dir='ltr'><strong>Solvitur</strong></span> <span class='ocrx_word' id='word_1_114' title='bbox 615 2645 774 2713; x_wconf 87' lang='lat' dir='ltr'><strong>immanis</strong></span> <span class='ocrx_word' id='word_1_115' title='bbox 796 2650 929 2730; x_wconf 83' lang='lat' dir='ltr'><strong>coetus3</strong></span> <span class='ocrx_word' id='word_1_116' title='bbox 953 2647 1092 2734; x_wconf 89' lang='lat' dir='ltr'><strong>quisque</strong></span> <span class='ocrx_word' id='word_1_117' title='bbox 1114 2648 1250 2718; x_wconf 86' lang='lat' dir='ltr'><strong>abditur</strong></span> <span class='ocrx_word' id='word_1_118' title='bbox 1271 2653 1389 2742; x_wconf 81' lang='lat' dir='ltr'><strong>aotris.</strong></span> 
     </span>
     <span class='ocr_line' id='line_1_19' title="bbox 533 2769 1434 2861; baseline 0.007 -23"><span class='ocrx_word' id='word_1_119' title='bbox 533 2771 593 2838; x_wconf 85' lang='lat' dir='ltr'><strong>Ast</strong></span> <span class='ocrx_word' id='word_1_120' title='bbox 615 2769 741 2837; x_wconf 88' lang='lat' dir='ltr'><strong>ardens</strong></span> <span class='ocrx_word' id='word_1_121' title='bbox 764 2769 923 2838; x_wconf 88' lang='lat' dir='ltr'><strong>barathro</strong></span> <span class='ocrx_word' id='word_1_122' title='bbox 946 2769 1079 2839; x_wconf 89' lang='lat' dir='ltr'><strong>Seddim</strong></span> <span class='ocrx_word' id='word_1_123' title='bbox 1102 2773 1291 2860; x_wconf 85' lang='lat' dir='ltr'><strong>prorumpit</strong></span> <span class='ocrx_word' id='word_1_124' title='bbox 1313 2794 1434 2861; x_wconf 89' lang='lat' dir='ltr'><strong>opaco:</strong></span> 
     </span>
    </p>
   </div>
   <div class='ocr_carea' id='block_1_4' title="bbox 340 2894 1429 4614">
    <p class='ocr_par' dir='ltr' id='par_1_4' title="bbox 444 2894 1359 3234">
     <span class='ocr_line' id='line_1_20' title="bbox 445 2894 1314 2983; baseline 0.003 -18"><span class='ocrx_word' id='word_1_125' title='bbox 445 2895 605 2965; x_wconf 80' lang='lat' dir='ltr'><strong>infernae</strong></span> <span class='ocrx_word' id='word_1_126' title='bbox 628 2894 774 2963; x_wconf 87' lang='lat' dir='ltr'><strong>subeunt</strong></span> <span class='ocrx_word' id='word_1_127' title='bbox 797 2895 934 2978; x_wconf 90' lang='lat' dir='ltr'><strong>turbae;</strong></span> <span class='ocrx_word' id='word_1_128' title='bbox 957 2899 1040 2963; x_wconf 92' lang='lat' dir='ltr'><strong>tunc</strong></span> <span class='ocrx_word' id='word_1_129' title='bbox 1061 2898 1200 2983; x_wconf 86' lang='lat' dir='ltr'><strong>agmine</strong></span> <span class='ocrx_word' id='word_1_130' title='bbox 1224 2899 1314 2968; x_wconf 84' lang='lat' dir='ltr'><strong>lacto</strong></span> 
     </span>
     <span class='ocr_line' id='line_1_21' title="bbox 445 3020 1245 3109; baseline 0.004 -20"><span class='ocrx_word' id='word_1_131' title='bbox 445 3021 590 3090; x_wconf 81' lang='lat' dir='ltr'><strong>Adriano</strong></span> <span class='ocrx_word' id='word_1_132' title='bbox 612 3020 796 3089; x_wconf 86' lang='lat' dir='ltr'><strong>incubuere</strong></span> <span class='ocrx_word' id='word_1_133' title='bbox 818 3020 921 3088; x_wconf 90' lang='lat' dir='ltr'><strong>mari:</strong></span> <span class='ocrx_word' id='word_1_134' title='bbox 945 3025 1069 3106; x_wconf 86' lang='lat' dir='ltr'><strong>pacata</strong></span> <span class='ocrx_word' id='word_1_135' title='bbox 1090 3024 1245 3109; x_wconf 88' lang='lat' dir='ltr'><strong>procellis</strong></span> 
     </span>
     <span class='ocr_line' id='line_1_22' title="bbox 444 3147 1359 3234; baseline 0.002 -18"><span class='ocrx_word' id='word_1_136' title='bbox 444 3150 601 3233; x_wconf 83' lang='lat' dir='ltr'><strong>Aequora</strong></span> <span class='ocrx_word' id='word_1_137' title='bbox 624 3147 804 3214; x_wconf 88' lang='lat' dir='ltr'><strong>turbantur</strong></span> <span class='ocrx_word' id='word_1_138' title='bbox 825 3147 953 3214; x_wconf 86' lang='lat' dir='ltr'><strong>subito:</strong></span> <span class='ocrx_word' id='word_1_139' title='bbox 977 3165 1082 3234; x_wconf 87' lang='lat' dir='ltr'><strong>vapor</strong></span> <span class='ocrx_word' id='word_1_140' title='bbox 1103 3149 1214 3217; x_wconf 89' lang='lat' dir='ltr'><strong>obruit</strong></span> <span class='ocrx_word' id='word_1_141' title='bbox 1235 3151 1359 3234; x_wconf 90' lang='lat' dir='ltr'><strong>altum;</strong></span> 
     </span>
    </p>

    <p class='ocr_par' dir='ltr' id='par_1_5' title="bbox 340 3270 1319 3858">
     <span class='ocr_line' id='line_1_23' title="bbox 340 3270 1296 3359; baseline 0.002 -19"><span class='ocrx_word' id='word_1_142' title='bbox 340 3274 402 3340; x_wconf 89' lang='lat'><strong>160</strong></span> <span class='ocrx_word' id='word_1_143' title='bbox 445 3271 587 3340; x_wconf 89' lang='lat' dir='ltr'><strong>Adversi</strong></span> <span class='ocrx_word' id='word_1_144' title='bbox 611 3270 756 3357; x_wconf 87' lang='lat' dir='ltr'><strong>perflant</strong></span> <span class='ocrx_word' id='word_1_145' title='bbox 779 3272 893 3339; x_wconf 85' lang='lat' dir='ltr'><strong>venti:</strong></span> <span class='ocrx_word' id='word_1_146' title='bbox 915 3271 1099 3359; x_wconf 89' lang='lat' dir='ltr'><strong>similisque</strong></span> <span class='ocrx_word' id='word_1_147' title='bbox 1118 3274 1296 3342; x_wconf 89' lang='lat' dir='ltr'><strong>columnae</strong></span> 
     </span>
     <span class='ocr_line' id='line_1_24' title="bbox 445 3397 1319 3486; baseline 0.001 -19"><span class='ocrx_word' id='word_1_148' title='bbox 445 3398 582 3484; x_wconf 82' lang='lat' dir='ltr'><strong>Ingenti</strong></span> <span class='ocrx_word' id='word_1_149' title='bbox 605 3397 735 3484; x_wconf 88' lang='lat' dir='ltr'><strong>typhon</strong></span> <span class='ocrx_word' id='word_1_150' title='bbox 758 3397 931 3466; x_wconf 84' lang='lat' dir='ltr'><strong>convolvit</strong></span> <span class='ocrx_word' id='word_1_151' title='bbox 953 3397 996 3464; x_wconf 90' lang='lat' dir='ltr'><strong>ad</strong></span> <span class='ocrx_word' id='word_1_152' title='bbox 1018 3399 1161 3467; x_wconf 89' lang='lat' dir='ltr'><strong>aethera</strong></span> <span class='ocrx_word' id='word_1_153' title='bbox 1182 3400 1319 3486; x_wconf 86' lang='lat' dir='ltr'><strong>lluctus;</strong></span> 
     </span>
     <span class='ocr_line' id='line_1_25' title="bbox 446 3522 1242 3609; baseline 0.005 -20"><span class='ocrx_word' id='word_1_154' title='bbox 446 3525 619 3609; x_wconf 83' lang='lat' dir='ltr'><strong>Exuperat</strong></span> <span class='ocrx_word' id='word_1_155' title='bbox 647 3523 741 3605; x_wconf 87' lang='lat' dir='ltr'><strong>litus,</strong></span> <span class='ocrx_word' id='word_1_156' title='bbox 773 3525 856 3590; x_wconf 89' lang='lat' dir='ltr'><strong>tunc</strong></span> <span class='ocrx_word' id='word_1_157' title='bbox 878 3522 1130 3608; x_wconf 87' lang='lat' dir='ltr'><strong>impellentibus</strong></span> <span class='ocrx_word' id='word_1_158' title='bbox 1151 3526 1242 3594; x_wconf 89' lang='lat' dir='ltr'><strong>euris</strong></span> 
     </span>
     <span class='ocr_line' id='line_1_26' title="bbox 446 3646 1308 3736; baseline 0.006 -21"><span class='ocrx_word' id='word_1_159' title='bbox 446 3649 643 3735; x_wconf 81' lang='lat' dir='ltr'><strong>Garganum</strong></span> <span class='ocrx_word' id='word_1_160' title='bbox 665 3646 879 3734; x_wconf 83' lang='lat' dir='ltr'><strong>aggreditur:</strong></span> <span class='ocrx_word' id='word_1_161' title='bbox 904 3647 1065 3716; x_wconf 89' lang='lat' dir='ltr'><strong>radicitus</strong></span> <span class='ocrx_word' id='word_1_162' title='bbox 1086 3651 1185 3718; x_wconf 90' lang='lat' dir='ltr'><strong>eruta</strong></span> <span class='ocrx_word' id='word_1_163' title='bbox 1207 3651 1308 3736; x_wconf 87' lang='lat' dir='ltr'><strong>pinus</strong></span> 
     </span>
     <span class='ocr_line' id='line_1_27' title="bbox 448 3771 1279 3858; baseline 0.004 -17"><span class='ocrx_word' id='word_1_164' title='bbox 448 3773 605 3842; x_wconf 88' lang='lat' dir='ltr'><strong>Volvitur</strong></span> <span class='ocrx_word' id='word_1_165' title='bbox 626 3775 662 3840; x_wconf 93' lang='lat' dir='ltr'><strong>et</strong></span> <span class='ocrx_word' id='word_1_166' title='bbox 684 3771 808 3840; x_wconf 87' lang='lat' dir='ltr'><strong>rabidis</strong></span> <span class='ocrx_word' id='word_1_167' title='bbox 830 3790 973 3858; x_wconf 88' lang='lat' dir='ltr'><strong>quercus</strong></span> <span class='ocrx_word' id='word_1_168' title='bbox 994 3771 1137 3841; x_wconf 91' lang='lat' dir='ltr'><strong>ludibria</strong></span> <span class='ocrx_word' id='word_1_169' title='bbox 1158 3776 1279 3844; x_wconf 81' lang='lat' dir='ltr'><strong>ventis</strong></span> 
     </span>
    </p>

    <p class='ocr_par' dir='ltr' id='par_1_6' title="bbox 342 3895 1429 4490">
     <span class='ocr_line' id='line_1_28' title="bbox 342 3895 1299 3984; baseline -0.002 -15"><span class='ocrx_word' id='word_1_170' title='bbox 342 3905 404 3972; x_wconf 85' lang='lat'><strong>165</strong></span> <span class='ocrx_word' id='word_1_171' title='bbox 448 3898 581 3983; x_wconf 79' lang='lat' dir='ltr'><strong>Ingruit</strong></span> <span class='ocrx_word' id='word_1_172' title='bbox 602 3897 736 3966; x_wconf 89' lang='lat' dir='ltr'><strong>interea</strong></span> <span class='ocrx_word' id='word_1_173' title='bbox 757 3895 938 3982; x_wconf 89' lang='lat' dir='ltr'><strong>crepitanti</strong></span> <span class='ocrx_word' id='word_1_174' title='bbox 960 3915 1132 3966; x_wconf 90' lang='lat' dir='ltr'><strong>murmure</strong></span> <span class='ocrx_word' id='word_1_175' title='bbox 1155 3899 1299 3984; x_wconf 84' lang='lat' dir='ltr'><strong>grando,</strong></span> 
     </span>
     <span class='ocr_line' id='line_1_29' title="bbox 446 4022 1419 4110; baseline 0.003 -19"><span class='ocrx_word' id='word_1_176' title='bbox 446 4025 489 4091; x_wconf 84' lang='lat' dir='ltr'><strong>Et</strong></span> <span class='ocrx_word' id='word_1_177' title='bbox 510 4023 655 4092; x_wconf 88' lang='lat' dir='ltr'><strong>reboant</strong></span> <span class='ocrx_word' id='word_1_178' title='bbox 676 4023 837 4103; x_wconf 90' lang='lat' dir='ltr'><strong>tonitrus,</strong></span> <span class='ocrx_word' id='word_1_179' title='bbox 861 4022 987 4090; x_wconf 90' lang='lat' dir='ltr'><strong>crebris</strong></span> <span class='ocrx_word' id='word_1_180' title='bbox 1008 4023 1113 4091; x_wconf 89' lang='lat' dir='ltr'><strong>micat</strong></span> <span class='ocrx_word' id='word_1_181' title='bbox 1134 4023 1269 4110; x_wconf 81' lang='lat' dir='ltr'><strong>ignibus</strong></span> <span class='ocrx_word' id='word_1_182' title='bbox 1291 4028 1419 4096; x_wconf 88' lang='lat' dir='ltr'><strong>aether.</strong></span> 
     </span>
     <span class='ocr_line' id='line_1_30' title="bbox 444 4147 1285 4235; baseline 0 -17"><span class='ocrx_word' id='word_1_183' title='bbox 444 4148 617 4235; x_wconf 85' lang='lat' dir='ltr'><strong>Ingemuit</strong></span> <span class='ocrx_word' id='word_1_184' title='bbox 637 4149 795 4232; x_wconf 87' lang='lat' dir='ltr'><strong>Drymas:</strong></span> <span class='ocrx_word' id='word_1_185' title='bbox 819 4147 962 4216; x_wconf 88' lang='lat' dir='ltr'><strong>demisso</strong></span> <span class='ocrx_word' id='word_1_186' title='bbox 985 4148 1130 4234; x_wconf 90' lang='lat' dir='ltr'><strong>poplite,</strong></span> <span class='ocrx_word' id='word_1_187' title='bbox 1155 4149 1285 4234; x_wconf 83' lang='lat' dir='ltr'><strong>palmas</strong></span> 
     </span>
     <span class='ocr_line' id='line_1_31' title="bbox 445 4273 1300 4361; baseline 0 -17"><span class='ocrx_word' id='word_1_188' title='bbox 445 4275 584 4343; x_wconf 89' lang='lat' dir='ltr'><strong>Sustulit</strong></span> <span class='ocrx_word' id='word_1_189' title='bbox 604 4274 649 4342; x_wconf 92' lang='lat' dir='ltr'><strong>ad</strong></span> <span class='ocrx_word' id='word_1_190' title='bbox 670 4274 798 4358; x_wconf 85' lang='lat' dir='ltr'><strong>caelos,</strong></span> <span class='ocrx_word' id='word_1_191' title='bbox 823 4277 859 4341; x_wconf 89' lang='lat' dir='ltr'><strong>et</strong></span> <span class='ocrx_word' id='word_1_192' title='bbox 879 4273 1021 4361; x_wconf 83' lang='lat' dir='ltr'><strong>supplex</strong></span> <span class='ocrx_word' id='word_1_193' title='bbox 1043 4274 1168 4344; x_wconf 91' lang='lat' dir='ltr'><strong>talibus</strong></span> <span class='ocrx_word' id='word_1_194' title='bbox 1190 4294 1300 4344; x_wconf 88' lang='lat' dir='ltr'><strong>orsus:</strong></span> 
     </span>
     <span class='ocr_line' id='line_1_32' title="bbox 445 4399 1429 4490; baseline 0.006 -23"><span class='ocrx_word' id='word_1_195' title='bbox 445 4401 568 4486; x_wconf 83' lang='lat' dir='ltr'><strong>Magne</strong></span> <span class='ocrx_word' id='word_1_196' title='bbox 591 4403 695 4486; x_wconf 85' lang='lat' dir='ltr'><strong>Deus,</strong></span> <span class='ocrx_word' id='word_1_197' title='bbox 718 4417 898 4487; x_wconf 89' lang='lat' dir='ltr'><strong>rerumque</strong></span> <span class='ocrx_word' id='word_1_198' title='bbox 921 4401 1037 4480; x_wconf 87' lang='lat' dir='ltr'><strong>Pater,</strong></span> <span class='ocrx_word' id='word_1_199' title='bbox 1063 4399 1142 4485; x_wconf 90' lang='lat' dir='ltr'><strong>quid</strong></span> <span class='ocrx_word' id='word_1_200' title='bbox 1165 4405 1264 4470; x_wconf 86' lang='lat' dir='ltr'><strong>tanta</strong></span> <span class='ocrx_word' id='word_1_201' title='bbox 1286 4407 1429 4490; x_wconf 90' lang='lat' dir='ltr'><strong>repente</strong></span> 
     </span>
    </p>

    <p class='ocr_par' dir='ltr' id='par_1_7' title="bbox 342 4525 1331 4614">
     <span class='ocr_line' id='line_1_33' title="bbox 342 4525 1331 4614; baseline 0.002 -20"><span class='ocrx_word' id='word_1_202' title='bbox 342 4527 403 4594; x_wconf 85' lang='lat'><strong>170</strong></span> <span class='ocrx_word' id='word_1_203' title='bbox 447 4527 502 4594; x_wconf 88' lang='lat' dir='ltr'><strong>lra</strong></span> <span class='ocrx_word' id='word_1_204' title='bbox 523 4525 664 4614; x_wconf 87' lang='lat' dir='ltr'><strong>promit,</strong></span> <span class='ocrx_word' id='word_1_205' title='bbox 688 4525 794 4594; x_wconf 88' lang='lat' dir='ltr'><strong>nubes</strong></span> <span class='ocrx_word' id='word_1_206' title='bbox 817 4528 852 4594; x_wconf 92' lang='lat' dir='ltr'><strong>et</strong></span> <span class='ocrx_word' id='word_1_207' title='bbox 874 4525 1042 4594; x_wconf 87' lang='lat' dir='ltr'><strong>inhorruit</strong></span> <span class='ocrx_word' id='word_1_208' title='bbox 1064 4529 1142 4596; x_wconf 91' lang='lat' dir='ltr'><strong>atra</strong></span> <span class='ocrx_word' id='word_1_209' title='bbox 1164 4527 1331 4613; x_wconf 88' lang='lat' dir='ltr'><strong>tenebris,</strong></span> 
     </span>
    </p>
   </div>
   <div class='ocr_carea' id='block_1_5' title="bbox 0 0 1789 5376">
    <p class='ocr_par' dir='ltr' id='par_1_8' title="bbox 0 0 1789 5376">
     <span class='ocr_line' id='line_1_34' title="bbox 0 0 1789 5376; baseline 0 0"><span class='ocrx_word' id='word_1_210' title='bbox 0 0 1789 5376; x_wconf 95' lang='lat' dir='ltr'><strong> </strong></span> 
     </span>
    </p>
   </div>
  </div>
 </body>
</html>
