3576 5376
704 753 922 839 Ecloga
948 753 980 818 1

408 1057 446 1106 m
478 1051 754 1106 Paanuululevs
777 1052 851 1102 AGl'.
875 1049 1029 1102 SYNCERI
1058 1049 1279 1101 sannanim

756 1301 927 1315 ῳ

515 1671 748 1726 unnunnmvs
783 1692 803 1708 ·
825 1671 942 1724 bucon
965 1691 984 1706 ·
1004 1670 1169 1724 GELADON

324 1910 408 1978 Mel.
519 1908 684 1975 Extrema
705 1906 785 1974 dum
808 1906 920 1987 noete,
944 1906 1070 1990 Lycos,
1094 1925 1156 1992 per
1178 1909 1262 1976 nota
1278 1925 1426 1993 vagarer

433 2029 565 2113 Litora,
587 2029 769 2117 proiieiens
790 2027 936 2097 incautis
957 2029 1103 2115 piscibus
1125 2029 1277 2113 hamum,

434 2155 583 2223 Mirabar
604 2156 740 2222 tantum
762 2155 931 2239 streperet
952 2153 1032 2240 quid
1056 2171 1194 2240 mergus
1223 2157 1259 2223 et
1281 2155 1373 2224 inter

431 2277 544 2346 Antra
565 2277 650 2345 uuir
671 2276 794 2345 tacitas
816 2279 1018 2363 quereretur
1038 2276 1112 2345 sola
1133 2295 1195 2363 per
1217 2281 1371 2361 umbras,

257 2404 281 2468 5
433 2403 645 2488 Quamquam
667 2402 827 2486 pacatum
849 2401 958 2468 staret
980 2418 1092 2482 mare,
1116 2400 1266 2490 lunaque
1286 2403 1381 2470 caelo

434 2526 534 2596 Clara
562 2527 693 2595 micans
721 2524 869 2594 tremule
892 2524 1101 2594 diffunderet
1121 2543 1272 2613 aequora
1294 2528 1379 2596 luce.

326 2656 407 2742 byc.
432 2655 507 2739 lpse
529 2653 635 2721 etiam
656 2651 813 2738 obstupui
835 2651 939 2719 celeri
964 2651 1097 2737 piscosa
1118 2653 1256 2737 phaselo

433 2775 522 2842 Saxa
543 2775 679 2861 legens,
705 2773 794 2862 quod
815 2791 881 2842 neo
904 2776 1129 2862 quaerentem
1144 2775 1269 2861 pabula
1283 2777 1446 2863 Mopsum,

435 2903 505 2970 Neo
526 2899 689 2986 Lycidam
711 2898 781 2966 vidi
804 2899 988 2968 rimantem
1011 2900 1149 2969 caerula
1166 2903 1291 2971 nassis:

241 3029 279 3095 10
433 3025 556 3095 Tristia
578 3025 660 3112 quin
683 3024 752 3093 late
776 3027 921 3093 tenuere
943 3025 1082 3094 silentia
1103 3027 1203 3113 ripas.

324 3155 406 3223 Mel.
431 3151 551 3222 Nescio
574 3169 662 3239 quae
685 3151 782 3220 nobis
803 3150 928 3220 insueti
951 3169 1055 3219 causa
1080 3151 1204 3221 doloris

436 3278 585 3364 ingruitz
608 3279 645 3348 et
665 3277 812 3364 seopulis
833 3276 982 3345 infracta
1004 3279 1041 3346 et
1062 3278 1201 3365 rupibus
1215 3279 1294 3348 altis

434 3404 570 3473 Flebilis
591 3403 684 3472 unda
706 3403 831 3489 gemit3
854 3401 915 3471 liei
936 3404 1091 3489 proxima
1113 3404 1334 3490 Mergelline,

434 3530 572 3618 squalet
593 3531 630 3598 et
651 3528 785 3597 insolito
807 3527 921 3598 vicina
942 3529 1096 3615 Megaris
1117 3528 1220 3598 luctu.
1462 3519 1465 3528 '

242 3660 282 3724 15
326 3660 409 3746 Lyo.
434 3654 486 3722 Ad
496 3672 568 3740 nos,
580 3671 694 3737 cerne,
706 3653 849 3739 gradum
861 3655 1022 3739 properat
1032 3653 1191 3740 Celadon,
1204 3657 1320 3741 gravis
1330 3657 1444 3739 annis3

434 3782 591 3852 Forsitan
614 3781 670 3850 ille
693 3782 774 3849 novi
795 3779 886 3848 dioet
907 3779 1094 3865 primordia
1114 3781 1224 3850 fletus.

262 3933 266 3940 ·
325 3911 409 3978 Mel.
433 3909 477 3976 Ut
499 3908 597 3978 venit
618 3906 686 3975 beu
708 3905 874 3975 moestus!
898 3905 1010 3974 defixo
1032 3905 1166 3976 lumina
1189 3908 1286 3977 vultu

435 4036 538 4102 Lassa
552 4034 689 4102 tument
703 4032 867 4101 lacrimm
891 4031 1039 4117 trepidat
1056 4050 1223 4118 praesaga
1237 4035 1315 4102 mali
1334 4054 1448 4121 mens;

434 4158 493 4226 Dio
515 4157 629 4240 nobis,
653 4156 820 4241 Celadon,
845 4155 1029 4244 quiverat
1051 4159 1192 4242 pectora
1213 4161 1370 4227 moerori

237 4288 281 4352 20
329 4287 399 4354 Cel.
430 4285 473 4352 ut
493 4282 605 4370 potuit
626 4284 740 4351 vestro
762 4281 870 4351 divim
894 4280 995 4350 funus
1017 4281 1190 4367 Amyntae

436 4410 612 4479 iiffluxisse
634 4409 767 4493 animo,
791 4425 857 4478 neo
879 4408 1004 4476 vulnus
1024 4408 1125 4477 oorde
1146 4411 1209 4477 sub
1224 4409 1293 4477 imo

435 4533 624 4612 Aeternum
638 4537 765 4615 manet,
788 4531 847 4602 ab!
864 4550 1016 4617 saevum,
1039 4532 1287 4603 immedicabile
1303 4533 1445 4602 vulnus?
