3564 5376
689 520 800 571 LIBER
823 520 956 570 PRIMVS

330 641 393 708 Sed
417 659 500 728 quos
521 642 670 714 victuros
692 663 826 732 semper
848 643 1009 728 caeloque
1033 643 1149 711 beatos

330 769 399 835 Vos
421 769 513 837 inter
534 770 687 840 dedimus
709 775 842 841 nostras
864 771 919 838 hic
942 769 1054 838 dicere
1078 771 1213 854 laudes,

329 892 431 960 Perdi
452 895 679 980 nequicquam
701 897 830 982 patiar:
854 894 1055 981 compagine
1079 894 1213 962 mittam

221 1019 287 1085 365
332 1019 466 1088 Mortali
489 1020 638 1088 cinctam
660 1022 761 1090 terris
782 1039 975 1108 poenasque
998 1021 1150 1089 luentem

332 1145 551 1231 Aequaevam
575 1147 671 1213 nobis
693 1145 863 1214 sobolem:
887 1147 1056 1233 pandetur
1077 1144 1232 1232 olympus

332 1269 386 1336 Sic
407 1269 539 1337 miseris
545 1287 555 1353 ;
579 1270 673 1356 operi
697 1272 793 1338 tanto
815 1288 888 1339 sese
911 1269 1033 1338 obtulit
1055 1268 1153 1337 ultro.

334 1395 403 1462 Vos
424 1394 518 1461 miris
539 1395 690 1464 humana
711 1395 817 1463 modis
838 1394 1012 1463 velamina
1033 1396 1146 1463 vestro

334 1522 455 1588 Iuncta
477 1521 545 1588 Deo
569 1521 681 1589 colere
702 1523 741 1588 nt
762 1522 879 1605 decet,
903 1524 939 1590 et
961 1520 1121 1589 laetarier
1141 1536 1288 1605 aequum
1312 1520 1384 1600 est,

223 1643 289 1708 370
333 1641 517 1710 CaelItibus
538 1644 700 1711 comitum
722 1647 857 1712 coetum
879 1644 1049 1712 affluxisse
1072 1659 1247 1709 novorum.

422 1769 474 1837 Sic
496 1771 563 1854 ait,
587 1773 623 1840 et
643 1789 775 1838 summo
797 1772 892 1839 Patri
914 1771 1069 1857 plausere
1090 1769 1295 1856 phalangem

334 1894 587 1981 conciliumque
609 1896 711 1979 abiit3
734 1895 840 1964 tristis
860 1897 920 1963 sed
943 1895 1085 1963 vulnere
1108 1895 1212 1963 Satan

336 2019 427 2106 (Hoc
449 2038 575 2088 nomen
598 2021 726 2106 dicam,
750 2039 832 2089 nam
854 2021 999 2108 primum
1022 2021 1168 2108 perdidit
1188 2019 1308 2106 astris)

335 2146 496 2230 Secessit3
521 2147 594 2216 sera
615 2149 718 2216 corda
739 2149 892 2232 tument,
914 2147 1095 2236 spernique
1118 2146 1262 2229 videtur,

224 2273 291 2340 375
335 2274 473 2343 invidus
495 2274 665 2344 occultum
687 2276 781 2345 fovet
802 2278 870 2346 imo
892 2278 1030 2363 pectore
1052 2276 1161 2360 virus,

336 2400 486 2467 Tandem
509 2403 642 2468 secreto
663 2402 791 2470 socium
813 2395 996 2489 compellat
1018 2401 1193 2469 Abaddon.

335 2523 485 2592 Audistis
506 2544 595 2612 quae
617 2545 729 2607 mens,
757 2545 844 2614 quae
866 2529 911 2594 sit
932 2525 1128 2596 sententiat
1152 2527 1317 2612 quantum

336 2649 554 2719 Temnimurl
578 2669 624 2720 an
647 2669 710 2720 nos
732 2652 868 2720 mortali
890 2670 953 2720 nos
974 2653 1117 2720 subdere
1140 2650 1267 2718 formae

336 2773 525 2858 Gogemurt
547 2776 731 2863 divumque
754 2777 810 2845 olli
833 2777 1013 2844 reddemus
1036 2775 1206 2845 honoresl

227 2900 293 2965 380
338 2899 536 2969 Infandum!
562 2901 635 2969 diro
658 2901 822 2969 furiarum
844 2901 1058 2970 incendimur
1078 2902 1185 2969 aestu.

338 3026 559 3110 Ingeminant
580 3045 701 3110 curae,
724 3027 894 3113 spretique
918 3026 1044 3094 iniuria
1064 3029 1181 3094 coetus

339 3147 393 3215 lde
416 3149 557 3234 premit:
580 3150 671 3218 haud
694 3150 821 3237 patiar:
845 3168 974 3237 precor,
997 3150 1102 3231 iclto,
1118 3149 1238 3232 collige
1262 3152 1413 3231 nostros,

339 3273 527 3358 Belligeros
547 3275 713 3362 compelle
737 3276 855 3359 duces,
878 3290 1062 3361 omnesque
1085 3276 1240 3341 catervas

341 3398 542 3484 spirituum:
566 3400 615 3466 nil
636 3400 848 3469 intentatum
870 3400 1022 3488 linquere
1046 3398 1097 3467 fas
1118 3401 1179 3467 est.

231 3521 297 3588 385
341 3523 478 3592 lividus
499 3524 647 3611 erumpit
668 3525 784 3594 rabido
807 3525 855 3592 sic
877 3543 935 3593 ore
959 3523 1123 3613 querelas.

344 3649 502 3718 Protinus
523 3649 581 3717 ille
604 3651 713 3734 volat,
737 3649 849 3718 caelos
870 3649 956 3737 petit
977 3651 1014 3717 et
1035 3649 1122 3716 citus
1143 3648 1206 3716 alis

342 3775 521 3842 Aetherias
542 3776 660 3843 tranat
682 3775 795 3857 sedes,
818 3778 920 3861 atque
943 3773 1085 3859 agmina
1104 3773 1246 3855 lustrat;

344 3901 481 3982 Uritur,'
500 3901 660 3968 ardentes
682 3901 808 3968 irarum
830 3901 970 3968 suscitat
991 3899 1109 3986 ignes,

344 4027 563 4112 invidiaeque
585 4029 662 4094 atro
685 4025 858 4113 perfundit
880 4026 982 4094 corda
1003 4041 1148 4095 veneno.

232 4147 299 4214 390
342 4147 491 4235 Impiger
512 4148 584 4234 ipse
606 4149 711 4216 etiem
734 4149 838 4217 Satan
861 4147 927 4216 huc
949 4147 1058 4216 fertur
1080 4150 1116 4215 et
1136 4147 1232 4228 illuc,

345 4273 580 4341 Posthabitum
602 4292 711 4359 genus
732 4276 769 4343 et
790 4273 898 4341 divini
918 4273 1018 4358 signa
1039 4273 1168 4342 decoris

344 4399 457 4468 indita
479 4399 648 4467 caelicolis
669 4400 738 4467 iam
760 4417 853 4467 nunc
875 4400 1036 4485 despecta
1056 4401 1247 4480 recenset,‘

345 4523 506 4592 cordibus
527 4523 670 4610 inspirat
692 4524 846 4594 flammas
867 4541 1072 4610 caecumque
1096 4524 1255 4592 furorem.
