<?xml version="1.0" encoding="UTF-8"?>
<!DOCTYPE html PUBLIC "-//W3C//DTD XHTML 1.0 Transitional//EN"
    "http://www.w3.org/TR/xhtml1/DTD/xhtml1-transitional.dtd">
<html xmlns="http://www.w3.org/1999/xhtml" xml:lang="en" lang="en">
 <head>
  <title>
</title>
<meta http-equiv="Content-Type" content="text/html;charset=utf-8" />
  <meta name='ocr-system' content='tesseract 3.04.00' />
  <meta name='ocr-capabilities' content='ocr_page ocr_carea ocr_par ocr_line ocrx_word'/>
</head>
<body>
  <div class='ocr_page' id='page_1' title='image "./carmina00morigoog_0422.png"; bbox 0 0 3576 5376; ppageno 0'>
   <div class='ocr_carea' id='block_1_1' title="bbox 328 541 986 608">
    <p class='ocr_par' dir='ltr' id='par_1_1' title="bbox 328 541 986 608">
     <span class='ocr_line' id='line_1_1' title="bbox 328 541 986 608; baseline 0 -2"><span class='ocrx_word' id='word_1_1' title='bbox 328 541 392 606; x_wconf 83' lang='grc'><strong>414</strong></span> <span class='ocrx_word' id='word_1_2' title='bbox 873 557 986 608; x_wconf 72' lang='lat' dir='ltr'><strong>varus</strong></span> 
     </span>
    </p>
   </div>
   <div class='ocr_carea' id='block_1_2' title="bbox 433 678 1360 1395">
    <p class='ocr_par' dir='ltr' id='par_1_2' title="bbox 437 678 1205 768">
     <span class='ocr_line' id='line_1_2' title="bbox 437 678 1205 768; baseline 0.005 -22"><span class='ocrx_word' id='word_1_3' title='bbox 437 678 607 748; x_wconf 78' lang='lat' dir='ltr'><strong>Fallaciae</strong></span> <span class='ocrx_word' id='word_1_4' title='bbox 631 682 668 749; x_wconf 93' lang='lat' dir='ltr'><strong>et</strong></span> <span class='ocrx_word' id='word_1_5' title='bbox 689 679 829 750; x_wconf 85' lang='lat' dir='ltr'><strong>tandem</strong></span> <span class='ocrx_word' id='word_1_6' title='bbox 851 681 939 750; x_wconf 88' lang='lat' dir='ltr'><strong>belle</strong></span> <span class='ocrx_word' id='word_1_7' title='bbox 962 680 1205 768; x_wconf 78' lang='lat' dir='ltr'><strong>processerint,</strong></span> 
     </span>
    </p>

    <p class='ocr_par' dir='ltr' id='par_1_3' title="bbox 437 805 1115 890">
     <span class='ocr_line' id='line_1_3' title="bbox 437 805 1115 890; baseline 0.007 -20"><span class='ocrx_word' id='word_1_8' title='bbox 437 805 493 871; x_wconf 79' lang='lat' dir='ltr'><strong>An</strong></span> <span class='ocrx_word' id='word_1_9' title='bbox 514 805 646 875; x_wconf 85' lang='lat' dir='ltr'><strong>iniecta</strong></span> <span class='ocrx_word' id='word_1_10' title='bbox 667 825 705 876; x_wconf 96' lang='lat' dir='ltr'><strong>re</strong></span> <span class='ocrx_word' id='word_1_11' title='bbox 727 808 764 875; x_wconf 96' lang='lat' dir='ltr'><strong>et</strong></span> <span class='ocrx_word' id='word_1_12' title='bbox 785 805 882 876; x_wconf 88' lang='lat' dir='ltr'><strong>irrito</strong></span> <span class='ocrx_word' id='word_1_13' title='bbox 912 807 1115 890; x_wconf 88' lang='lat' dir='ltr'><strong>conamine,</strong></span> 
     </span>
    </p>

    <p class='ocr_par' dir='ltr' id='par_1_4' title="bbox 433 929 1100 1018">
     <span class='ocr_line' id='line_1_4' title="bbox 433 929 1100 1018; baseline 0.004 -21"><span class='ocrx_word' id='word_1_14' title='bbox 433 929 562 999; x_wconf 87' lang='lat' dir='ltr'><strong>Silente</strong></span> <span class='ocrx_word' id='word_1_15' title='bbox 585 930 746 1018; x_wconf 79' lang='lat' dir='ltr'><strong>Prologo,</strong></span> <span class='ocrx_word' id='word_1_16' title='bbox 769 931 905 1018; x_wconf 85' lang='lat' dir='ltr'><strong>ipsimet</strong></span> <span class='ocrx_word' id='word_1_17' title='bbox 928 930 1100 1000; x_wconf 84' lang='lat' dir='ltr'><strong>videbitis.</strong></span> 
     </span>
    </p>

    <p class='ocr_par' dir='ltr' id='par_1_5' title="bbox 435 1055 1100 1142">
     <span class='ocr_line' id='line_1_5' title="bbox 435 1055 1100 1142; baseline 0.002 -19"><span class='ocrx_word' id='word_1_18' title='bbox 435 1055 545 1142; x_wconf 81' lang='lat' dir='ltr'><strong>Aequi</strong></span> <span class='ocrx_word' id='word_1_19' title='bbox 568 1056 712 1142; x_wconf 87' lang='lat' dir='ltr'><strong>bonique</strong></span> <span class='ocrx_word' id='word_1_20' title='bbox 735 1067 795 1126; x_wconf 80' lang='lat' dir='ltr'><strong>vos</strong></span> <span class='ocrx_word' id='word_1_21' title='bbox 817 1059 927 1126; x_wconf 86' lang='lat' dir='ltr'><strong>estote</strong></span> <span class='ocrx_word' id='word_1_22' title='bbox 950 1057 1100 1140; x_wconf 86' lang='lat' dir='ltr'><strong>iudices,</strong></span> 
     </span>
    </p>

    <p class='ocr_par' dir='ltr' id='par_1_6' title="bbox 435 1179 1360 1395">
     <span class='ocr_line' id='line_1_6' title="bbox 435 1179 1270 1267; baseline 0.001 -20"><span class='ocrx_word' id='word_1_23' title='bbox 435 1179 576 1248; x_wconf 85' lang='lat' dir='ltr'><strong>Animos</strong></span> <span class='ocrx_word' id='word_1_24' title='bbox 596 1183 699 1267; x_wconf 88' lang='lat' dir='ltr'><strong>atquc</strong></span> <span class='ocrx_word' id='word_1_25' title='bbox 721 1199 823 1251; x_wconf 85' lang='lat' dir='ltr'><strong>aures</strong></span> <span class='ocrx_word' id='word_1_26' title='bbox 844 1181 986 1266; x_wconf 74' lang='lat' dir='ltr'><strong>arrigite</strong></span> <span class='ocrx_word' id='word_1_27' title='bbox 1010 1181 1102 1250; x_wconf 87' lang='lat' dir='ltr'><strong>hisce</strong></span> <span class='ocrx_word' id='word_1_28' title='bbox 1124 1179 1270 1266; x_wconf 86' lang='lat' dir='ltr'><strong>lusibus,</strong></span> 
     </span>
     <span class='ocr_line' id='line_1_7' title="bbox 438 1305 1360 1395; baseline 0.003 -23"><span class='ocrx_word' id='word_1_29' title='bbox 438 1305 627 1393; x_wconf 87' lang='lat' dir='ltr'><strong>Nobisque,</strong></span> <span class='ocrx_word' id='word_1_30' title='bbox 658 1307 789 1394; x_wconf 86' lang='lat' dir='ltr'><strong>siquid</strong></span> <span class='ocrx_word' id='word_1_31' title='bbox 811 1309 993 1395; x_wconf 87' lang='lat' dir='ltr'><strong>peccatum</strong></span> <span class='ocrx_word' id='word_1_32' title='bbox 1018 1309 1087 1391; x_wconf 87' lang='lat' dir='ltr'><strong>est,</strong></span> <span class='ocrx_word' id='word_1_33' title='bbox 1111 1307 1249 1376; x_wconf 86' lang='lat' dir='ltr'><strong>veniam</strong></span> <span class='ocrx_word' id='word_1_34' title='bbox 1270 1307 1360 1375; x_wconf 86' lang='lat' dir='ltr'><strong>date.</strong></span> 
     </span>
    </p>
   </div>
   <div class='ocr_carea' id='block_1_3' title="bbox 543 1587 1314 1643">
    <p class='ocr_par' dir='ltr' id='par_1_7' title="bbox 543 1587 1314 1643">
     <span class='ocr_line' id='line_1_8' title="bbox 543 1587 1314 1643; baseline -0.001 -1"><span class='ocrx_word' id='word_1_35' title='bbox 543 1587 728 1642; x_wconf 65' lang='lat' dir='ltr'><strong>manum</strong></span> <span class='ocrx_word' id='word_1_36' title='bbox 750 1591 797 1641; x_wconf 77' lang='lat' dir='ltr'><strong>AD</strong></span> <span class='ocrx_word' id='word_1_37' title='bbox 820 1590 1049 1643; x_wconf 76' lang='lat' dir='ltr'><strong>mlvrnanvll</strong></span> <span class='ocrx_word' id='word_1_38' title='bbox 1076 1590 1314 1643; x_wconf 73' lang='lat' dir='ltr'><strong>chvnuissu</strong></span> 
     </span>
    </p>
   </div>
   <div class='ocr_carea' id='block_1_4' title="bbox 435 1840 1314 2412">
    <p class='ocr_par' dir='ltr' id='par_1_8' title="bbox 435 1840 1314 2412">
     <span class='ocr_line' id='line_1_9' title="bbox 524 1840 1314 1929; baseline 0.004 -23"><span class='ocrx_word' id='word_1_39' title='bbox 524 1843 591 1908; x_wconf 92' lang='lat' dir='ltr'><strong>Per</strong></span> <span class='ocrx_word' id='word_1_40' title='bbox 612 1840 840 1912; x_wconf 85' lang='lat' dir='ltr'><strong>bacchanales</strong></span> <span class='ocrx_word' id='word_1_41' title='bbox 862 1842 965 1912; x_wconf 84' lang='lat' dir='ltr'><strong>ferias</strong></span> <span class='ocrx_word' id='word_1_42' title='bbox 995 1844 1143 1929; x_wconf 91' lang='lat' dir='ltr'><strong>produnt</strong></span> <span class='ocrx_word' id='word_1_43' title='bbox 1166 1843 1314 1911; x_wconf 82' lang='lat' dir='ltr'><strong>fabulam</strong></span> 
     </span>
     <span class='ocr_line' id='line_1_10' title="bbox 435 1961 1133 2048; baseline 0.007 -19"><span class='ocrx_word' id='word_1_44' title='bbox 435 1961 594 2030; x_wconf 85' lang='lat' dir='ltr'><strong>Latinam</strong></span> <span class='ocrx_word' id='word_1_45' title='bbox 617 1963 747 2032; x_wconf 86' lang='lat' dir='ltr'><strong>alumni</strong></span> <span class='ocrx_word' id='word_1_46' title='bbox 773 1965 949 2048; x_wconf 88' lang='lat' dir='ltr'><strong>rhetores;</strong></span> <span class='ocrx_word' id='word_1_47' title='bbox 978 1965 1027 2036; x_wconf 90' lang='lat' dir='ltr'><strong>sic</strong></span> <span class='ocrx_word' id='word_1_48' title='bbox 1049 1965 1133 2034; x_wconf 90' lang='lat' dir='ltr'><strong>utile</strong></span> 
     </span>
     <span class='ocr_line' id='line_1_11' title="bbox 436 2087 1206 2178; baseline 0.005 -24"><span class='ocrx_word' id='word_1_49' title='bbox 436 2087 577 2156; x_wconf 81' lang='lat' dir='ltr'><strong>Miscere</strong></span> <span class='ocrx_word' id='word_1_50' title='bbox 599 2089 689 2160; x_wconf 87' lang='lat' dir='ltr'><strong>dulci</strong></span> <span class='ocrx_word' id='word_1_51' title='bbox 711 2092 867 2176; x_wconf 86' lang='lat' dir='ltr'><strong>certant,</strong></span> <span class='ocrx_word' id='word_1_52' title='bbox 889 2094 995 2178; x_wconf 81' lang='lat' dir='ltr'><strong>atque</strong></span> <span class='ocrx_word' id='word_1_53' title='bbox 1018 2091 1206 2178; x_wconf 88' lang='lat' dir='ltr'><strong>periculum</strong></span> 
     </span>
     <span class='ocr_line' id='line_1_12' title="bbox 436 2212 1145 2303; baseline 0.006 -23"><span class='ocrx_word' id='word_1_54' title='bbox 436 2212 542 2281; x_wconf 81' lang='lat' dir='ltr'><strong>cultis</strong></span> <span class='ocrx_word' id='word_1_55' title='bbox 562 2213 599 2281; x_wconf 93' lang='lat' dir='ltr'><strong>in</strong></span> <span class='ocrx_word' id='word_1_56' title='bbox 620 2215 740 2284; x_wconf 84' lang='lat' dir='ltr'><strong>studiis</strong></span> <span class='ocrx_word' id='word_1_57' title='bbox 762 2218 961 2303; x_wconf 85' lang='lat' dir='ltr'><strong>pertentare</strong></span> <span class='ocrx_word' id='word_1_58' title='bbox 983 2217 1145 2286; x_wconf 80' lang='lat' dir='ltr'><strong>iudicant</strong></span> 
     </span>
     <span class='ocr_line' id='line_1_13' title="bbox 437 2338 1095 2412; baseline 0.008 -6"><span class='ocrx_word' id='word_1_59' title='bbox 437 2338 595 2408; x_wconf 85' lang='lat' dir='ltr'><strong>Rosinius</strong></span> <span class='ocrx_word' id='word_1_60' title='bbox 616 2341 736 2408; x_wconf 83' lang='lat' dir='ltr'><strong>auctor</strong></span> <span class='ocrx_word' id='word_1_61' title='bbox 757 2341 879 2409; x_wconf 88' lang='lat' dir='ltr'><strong>indidit</strong></span> <span class='ocrx_word' id='word_1_62' title='bbox 901 2342 1095 2412; x_wconf 91' lang='lat' dir='ltr'><strong>comoediae</strong></span> 
     </span>
    </p>
   </div>
   <div class='ocr_carea' id='block_1_5' title="bbox 434 2465 1244 2681">
    <p class='ocr_par' dir='ltr' id='par_1_9' title="bbox 434 2465 1244 2681">
     <span class='ocr_line' id='line_1_14' title="bbox 435 2465 1157 2554; baseline 0.01 -24"><span class='ocrx_word' id='word_1_63' title='bbox 435 2465 595 2550; x_wconf 83' lang='lat' dir='ltr'><strong>Aegyptii</strong></span> <span class='ocrx_word' id='word_1_64' title='bbox 618 2483 754 2534; x_wconf 90' lang='lat' dir='ltr'><strong>nomen.</strong></span> <span class='ocrx_word' id='word_1_65' title='bbox 779 2467 995 2554; x_wconf 79' lang='lat' dir='ltr'><strong>spectatores</strong></span> <span class='ocrx_word' id='word_1_66' title='bbox 1017 2467 1157 2550; x_wconf 85' lang='lat' dir='ltr'><strong>favent,</strong></span> 
     </span>
     <span class='ocr_line' id='line_1_15' title="bbox 434 2589 1244 2681; baseline 0.006 -24"><span class='ocrx_word' id='word_1_67' title='bbox 434 2589 628 2659; x_wconf 87' lang='lat' dir='ltr'><strong>Plautinam</strong></span> <span class='ocrx_word' id='word_1_68' title='bbox 651 2591 806 2679; x_wconf 82' lang='lat' dir='ltr'><strong>linguam</strong></span> <span class='ocrx_word' id='word_1_69' title='bbox 828 2595 886 2681; x_wconf 91' lang='lat' dir='ltr'><strong>qui</strong></span> <span class='ocrx_word' id='word_1_70' title='bbox 909 2594 1025 2663; x_wconf 88' lang='lat' dir='ltr'><strong>colunt</strong></span> <span class='ocrx_word' id='word_1_71' title='bbox 1052 2593 1244 2671; x_wconf 86' lang='lat' dir='ltr'><strong>Quiritium.</strong></span> 
     </span>
    </p>
   </div>
   <div class='ocr_carea' id='block_1_6' title="bbox 381 2715 1407 3041">
    <p class='ocr_par' dir='ltr' id='par_1_10' title="bbox 381 2715 1407 3041">
     <span class='ocr_line' id='line_1_16' title="bbox 436 2715 1207 2801; baseline 0.005 -19"><span class='ocrx_word' id='word_1_72' title='bbox 436 2716 501 2784; x_wconf 88' lang='lat' dir='ltr'><strong>Oro</strong></span> <span class='ocrx_word' id='word_1_73' title='bbox 524 2715 655 2801; x_wconf 81' lang='lat' dir='ltr'><strong>adsies,</strong></span> <span class='ocrx_word' id='word_1_74' title='bbox 678 2717 725 2800; x_wconf 89' lang='lat' dir='ltr'><strong>mi</strong></span> <span class='ocrx_word' id='word_1_75' title='bbox 748 2719 863 2801; x_wconf 89' lang='lat' dir='ltr'><strong>Bone;</strong></span> <span class='ocrx_word' id='word_1_76' title='bbox 890 2717 1061 2788; x_wconf 87' lang='lat' dir='ltr'><strong>damnosis</strong></span> <span class='ocrx_word' id='word_1_77' title='bbox 1078 2719 1207 2787; x_wconf 89' lang='lat' dir='ltr'><strong>lusibus</strong></span> 
     </span>
     <span class='ocr_line' id='line_1_17' title="bbox 436 2837 1407 2930; baseline 0.003 -18"><span class='ocrx_word' id='word_1_78' title='bbox 436 2842 593 2928; x_wconf 87' lang='lat' dir='ltr'><strong>Arceris,</strong></span> <span class='ocrx_word' id='word_1_79' title='bbox 616 2845 753 2930; x_wconf 87' lang='lat' dir='ltr'><strong>quando</strong></span> <span class='ocrx_word' id='word_1_80' title='bbox 776 2844 922 2914; x_wconf 85' lang='lat' dir='ltr'><strong>honeste</strong></span> <span class='ocrx_word' id='word_1_81' title='bbox 946 2848 1099 2914; x_wconf 89' lang='lat' dir='ltr'><strong>mentem</strong></span> <span class='ocrx_word' id='word_1_82' title='bbox 1120 2845 1296 2930; x_wconf 80' lang='lat' dir='ltr'><strong>sublevas,</strong></span> <span class='ocrx_word' id='word_1_83' title='bbox 1404 2837 1407 2842; x_wconf 70' lang='grc'><strong>’</strong></span> 
     </span>
     <span class='ocr_line' id='line_1_18' title="bbox 381 2971 1320 3041; baseline 0.005 -6"><span class='ocrx_word' id='word_1_84' title='bbox 381 2990 386 2999; x_wconf 87' lang='grc'><em>·</em></span> <span class='ocrx_word' id='word_1_85' title='bbox 437 2971 604 3038; x_wconf 85' lang='lat' dir='ltr'><strong>Praesens</strong></span> <span class='ocrx_word' id='word_1_86' title='bbox 626 2973 662 3038; x_wconf 90' lang='lat' dir='ltr'><strong>et</strong></span> <span class='ocrx_word' id='word_1_87' title='bbox 683 2971 808 3040; x_wconf 88' lang='lat' dir='ltr'><strong>nostris</strong></span> <span class='ocrx_word' id='word_1_88' title='bbox 830 2972 983 3040; x_wconf 92' lang='lat' dir='ltr'><strong>animum</strong></span> <span class='ocrx_word' id='word_1_89' title='bbox 1005 2972 1100 3040; x_wconf 87' lang='lat' dir='ltr'><strong>addis</strong></span> <span class='ocrx_word' id='word_1_90' title='bbox 1122 2971 1320 3041; x_wconf 82' lang='lat' dir='ltr'><strong>iuvenculis</strong></span> 
     </span>
    </p>
   </div>
   <div class='ocr_carea' id='block_1_7' title="bbox 189 4409 1578 4628">
    <p class='ocr_par' dir='ltr' id='par_1_11' title="bbox 189 4409 1578 4628">
     <span class='ocr_line' id='line_1_19' title="bbox 399 4409 1578 4480; baseline -0.002 -14"><span class='ocrx_word' id='word_1_91' title='bbox 399 4420 432 4480; x_wconf 81' lang='lat' dir='ltr'><strong>(l)</strong></span> <span class='ocrx_word' id='word_1_92' title='bbox 455 4415 546 4466; x_wconf 77' lang='lat' dir='ltr'><strong>carolus</strong></span> <span class='ocrx_word' id='word_1_93' title='bbox 569 4415 641 4466; x_wconf 67' lang='lat' dir='ltr'><strong>llario</strong></span> <span class='ocrx_word' id='word_1_94' title='bbox 663 4415 1240 4479; x_wconf 71' lang='lat' dir='ltr'><strong>nodnlm‚npue.1³ntool.‚viriltuntlaetnm‚</strong></span> <span class='ocrx_word' id='word_1_95' title='bbox 1264 4415 1323 4466; x_wconf 80' lang='lat' dir='ltr'><strong>banc</strong></span> <span class='ocrx_word' id='word_1_96' title='bbox 1346 4415 1462 4474; x_wconf 59' lang='lat' dir='ltr'><strong>maerin</strong></span> <span class='ocrx_word' id='word_1_97' title='bbox 1486 4415 1525 4465; x_wconf 81' lang='lat' dir='ltr'><strong>sad</strong></span> <span class='ocrx_word' id='word_1_98' title='bbox 1575 4409 1578 4416; x_wconf 83' lang='grc'><strong>’</strong></span> 
     </span>
     <span class='ocr_line' id='line_1_20' title="bbox 189 4497 1524 4560; baseline -0.002 -14"><span class='ocrx_word' id='word_1_99' title='bbox 189 4550 193 4556; x_wconf 57' lang='lat'>‚</span> <span class='ocrx_word' id='word_1_100' title='bbox 337 4511 405 4556; x_wconf 84' lang='lat' dir='ltr'><strong>quum</strong></span> <span class='ocrx_word' id='word_1_101' title='bbox 426 4501 528 4558; x_wconf 70' lang='lat' dir='ltr'><strong>prologus</strong></span> <span class='ocrx_word' id='word_1_102' title='bbox 550 4499 579 4546; x_wconf 83' lang='lat' dir='ltr'><strong>nd</strong></span> <span class='ocrx_word' id='word_1_103' title='bbox 602 4499 721 4546; x_wconf 80' lang='lat' dir='ltr'><strong>latinorum</strong></span> <span class='ocrx_word' id='word_1_104' title='bbox 738 4511 819 4546; x_wconf 86' lang='lat' dir='ltr'><strong>morsm</strong></span> <span class='ocrx_word' id='word_1_105' title='bbox 835 4499 937 4556; x_wconf 83' lang='lat' dir='ltr'><strong>deesset,</strong></span> <span class='ocrx_word' id='word_1_106' title='bbox 962 4499 1044 4547; x_wconf 79' lang='lat' dir='ltr'><strong>Auctor</strong></span> <span class='ocrx_word' id='word_1_107' title='bbox 1067 4499 1187 4560; x_wconf 80' lang='lat' dir='ltr'><strong>supplerit</strong></span> <span class='ocrx_word' id='word_1_108' title='bbox 1211 4497 1313 4556; x_wconf 71' lang='lat' dir='ltr'><strong>Eremnt</strong></span> <span class='ocrx_word' id='word_1_109' title='bbox 1335 4497 1419 4557; x_wconf 86' lang='lat' dir='ltr'><strong>optime</strong></span> <span class='ocrx_word' id='word_1_110' title='bbox 1441 4498 1524 4544; x_wconf 79' lang='lat' dir='ltr'><strong>alumni</strong></span> 
     </span>
     <span class='ocr_line' id='line_1_21' title="bbox 337 4579 902 4628; baseline 0 0"><span class='ocrx_word' id='word_1_111' title='bbox 337 4579 393 4628; x_wconf 79' lang='lat' dir='ltr'><strong>socri</strong></span> <span class='ocrx_word' id='word_1_112' title='bbox 410 4579 526 4628; x_wconf 65' lang='lat' dir='ltr'><strong>&amp;minerii</strong></span> <span class='ocrx_word' id='word_1_113' title='bbox 541 4580 591 4626; x_wconf 75' lang='lat' dir='ltr'><strong>trun</strong></span> <span class='ocrx_word' id='word_1_114' title='bbox 605 4579 675 4626; x_wconf 73' lang='lat' dir='ltr'><strong>aedui</strong></span> <span class='ocrx_word' id='word_1_115' title='bbox 691 4581 739 4628; x_wconf 87' lang='lat' dir='ltr'><strong>tum</strong></span> <span class='ocrx_word' id='word_1_116' title='bbox 755 4579 902 4628; x_wconf 79' lang='lat' dir='ltr'><strong>bononiensia</strong></span> 
     </span>
    </p>
   </div>
   <div class='ocr_carea' id='block_1_8' title="bbox 0 0 1803 5376">
    <p class='ocr_par' dir='ltr' id='par_1_12' title="bbox 0 0 1803 5376">
     <span class='ocr_line' id='line_1_22' title="bbox 0 0 1803 5376; baseline 0 0"><span class='ocrx_word' id='word_1_117' title='bbox 0 0 1803 5376; x_wconf 95' lang='lat' dir='ltr'><strong> </strong></span> 
     </span>
    </p>
   </div>
  </div>
 </body>
</html>
