3560 5368
703 530 814 581 urana
837 531 987 582 rnnrrvs
1381 512 1447 576 215

346 658 552 726 Fervenlem
574 658 764 743 aspiciunt:
787 658 930 738 Cernin,
955 659 1075 744 Magus
1098 657 1269 742 improbus
1291 654 1424 740 inquit,

348 783 478 850 Nubem
501 781 614 864 illam,
638 799 727 868 quae
749 799 841 850 nunc
863 781 1014 850 sublimis
1036 782 1072 849 in
1088 780 1229 857 aethere
1251 797 1382 846 summo

349 906 497 992 Effulget
526 906 703 994 medioque
727 909 812 975 Foro
835 909 896 974 tua
918 907 1018 992 signa
1040 905 1207 974 coronati

349 1034 446 1100 Hanc
468 1031 824 1102 vincamliammante
846 1034 922 1100 rota
943 1033 1125 1100 subrectus
1147 1031 1183 1097 in
1205 1031 1381 1109 aethram,

243 1156 309 1222 235
350 1155 529 1224 Mortalem
552 1157 714 1241 effugiam
736 1156 892 1224 obtutum
922 1157 1027 1241 atquc
1050 1152 1238 1221 abscondar
1259 1153 1403 1238 olympo.

350 1281 395 1347 nt
416 1283 454 1347 tu
473 1281 636 1349 Iudaeum
657 1279 787 1348 insidiis
808 1299 850 1348 ac
873 1279 991 1347 fraude
1014 1247 1191 1364 potentem

351 1404 402 1472 Ne
425 1405 557 1490 patiare
579 1405 638 1473 diu
660 1405 835 1492 impunem
857 1405 1037 1472 traducere
1060 1403 1188 1484 vitam,
1226 1441 1230 1448 ·

351 1527 384 1594 Si
407 1531 523 1614 regni,
546 1531 575 1598 si
598 1548 679 1597 cura
702 1532 783 1598 tuae
806 1527 868 1596 tibi
890 1546 972 1596 cara
993 1527 1120 1596 salutis.

350 1653 489 1722 Occidet
510 1643 572 1722 anit
593 1653 683 1723 ferro
705 1657 767 1722 aut
790 1672 910 1721 cruce:
935 1654 982 1720 sic
1005 1656 1040 1720 te
1064 1651 1215 1739 Iuppiter
1238 1668 1365 1737 aequus

242 1777 307 1840 210
353 1777 488 1864 Augeat
510 1778 652 1864 imperio
675 1780 712 1845 ct
734 1778 816 1846 felix
838 1779 977 1845 tueatur
999 1779 1034 1843 in
1057 1794 1189 1844 aevum.

353 1902 443 1971 Simo
465 1902 551 1971 hacc
573 1903 743 1972 iactabat:
774 1902 885 1972 medio
907 1903 975 1971 iam
1000 1902 1147 1986 lulgidus
1167 1918 1232 1968 axe

354 2027 408 2094 Sol
431 2045 530 2096 rosea
550 2030 682 2114 septem
704 2027 888 2114 spargebat
909 2025 1065 2112 lampade
1089 2025 1211 2104 colles3

355 2153 540 2239 Impatiens
561 2152 704 2237 vulgus,
728 2152 877 2239 portenti
900 2138 1036 2218 arrecta
1059 2150 1189 2236 cupido.

353 2279 429 2362 Ipse
453 2281 542 2346 Nero
565 2251 650 2345 turri
672 2278 797 2364 populo
819 2276 1013 2363 spectabilis
1035 2275 1107 2343 alta

246 2405 313 2468 245
359 2403 489 2470 Aurata
510 2403 627 2472 insidit
649 2403 753 2486 sella,
777 2402 949 2488 praetoria
970 2401 1096 2469 circum

357 2529 505 2614 Agmina
526 2531 624 2597 stant
644 2528 749 2596 armis
772 2527 1000 2614 fulgentibus3
1028 2526 1143 2593 Aelius
1165 2525 1245 2593 hinc
1268 2528 1304 2594 et

357 2653 438 2722 lude
462 2654 667 2739 Tigellinus:
692 2653 781 2737 tyrio
804 2671 865 2720 rex
888 2652 1016 2720 murice
1041 2651 1150 2718 tincta

357 2781 460 2848 Veste
483 2783 599 2861 rubet,
624 2779 745 2866 cupido
767 2778 940 2846 Simonem
963 2778 1090 2845 lumine
1115 2777 1245 2845 lustrat

358 2904 423 2970 Ore
446 2902 632 2988 habituque
655 2905 791 2969 tumens
809 2900 1050 2969 comitantibus
1072 2901 1144 2967 ibat
1166 2900 1284 2968 amicis

249 3031 315 3094 250
360 3029 538 3098 coniector
564 3028 753 3114 summique
777 3027 864 3094 lovis
886 3026 1027 3094 delubra
1051 3025 1196 3111 petebat.

358 3155 418 3222 Hic
442 3160 577 3225 taurum
600 3157 800 3240 mgentem,
824 3153 975 3220 velatum
1009 3169 1139 3220 cornua
1169 3153 1281 3234 vittis,

360 3282 562 3365 Nigrantem
585 3283 704 3365 terge,
727 3279 898 3347 solemnes
920 3279 1048 3346 mactat
1074 3278 1117 3344 ad
1141 3295 1238 3361 arao,

358 3401 566 3490 Sanguinem
589 3407 625 3472 et
647 3403 792 3470 effundit
814 3403 951 3487 patera,
983 3405 1019 3468 et
1040 3401 1088 3466 sic
1112 3419 1194 3468 voce
1218 3399 1391 3486 profatur:

359 3531 427 3596 Vos
449 3529 543 3596 erebi
565 3528 716 3597 obtestor
738 3545 878 3608 manes,
902 3525 1052 3594 obtestor
1075 3529 1111 3594 et
1132 3526 1200 3593 orci

248 3655 315 3718 2ἵῶ
360 3654 529 3735 Numina;
553 3672 613 3722 vos
636 3653 752 3737 magni
775 3651 857 3718 mihi
881 3669 972 3718 nunc
995 3652 1181 3718 succurrite
1203 3650 1349 3735 coeptis

359 3779 428 3845 Vos
450 3779 539 3844 vires
562 3775 645 3843 mihi
669 3777 773 3844 sorte:
797 3792 925 3843 novum
948 3776 1073 3842 mirate
1095 3773 1261 3851 Quiritum

361 3902 459 3970 Plebs
480 3904 670 3970 monstrum
693 3903 846 3988 stupeat,
871 3898 1035 3985 nobisque
1058 3900 1182 3967 alteria
1204 3899 1311 3967 tollat.

449 4029 624 4114 Templum
647 4027 738 4095 inter
760 4027 849 4095 Iovis
871 4028 907 4094 et
935 4026 1098 4112 Tarpeiae
1121 4024 1271 4092 culmina
1295 4019 1385 4109 rupis

361 4151 470 4216 Lucus
492 4152 568 4217 erat
591 4149 745 4232 brevior,
769 4148 876 4232 nigris
900 4147 1116 4215 densissimus
1137 4143 1284 4227 umbris;

251 4275 318 4341 260
362 4275 436 4342 Huc
460 4274 574 4356 venit,
598 4277 635 4342 et
657 4274 770 4342 media
792 4273 883 4340 Simo
905 4291 941 4340 se
964 4273 1053 4340 sistit
1076 4290 1182 4340 arena
1194 4290 1203 4353 ;

362 4400 426 4467 Ter
449 4399 548 4484 virga
568 4398 703 4466 sublata
724 4415 826 4466 aures
848 4399 902 4464 ter
924 4399 1085 4465 verberat
1106 4397 1177 4463 ictu
1189 4414 1198 4478 ;

360 4524 492 4607 Terque
513 4521 629 4607 agitur
650 4538 813 4607 praeceps
835 4520 871 4586 in
893 4538 1038 4606 gyrum,
1069 4521 1106 4587 et
1127 4522 1182 4587 ter
1205 4519 1290 4604 pede
1313 4519 1438 4583 terram
