3472 5360
304 488 363 552 142
778 498 1021 551 numentanos

405 627 607 707 conficiam,
632 643 695 694 nec
719 626 807 694 fuste
831 626 919 710 ullo,
944 642 1032 694 neve
1056 626 1192 694 ensibus
1215 645 1302 694 usus.

405 751 538 818 Annuit
560 751 636 819 ille:
660 750 744 836 pilos
765 751 867 818 heros
887 750 1091 836 adipemque
1114 749 1293 838 picemque

406 877 586 962 Dxcoquit‚
610 878 713 961 atque
736 874 843 942 avidis
867 875 1009 943 mixmm
1031 875 1090 942 dat
1113 874 1265 942 faucibus
1287 879 1399 944 offam.

408 1002 472 1068 Vix
494 1001 558 1068 hac
581 1003 697 1086 pastus
719 1003 810 1084 erat,
837 1004 1036 1086 turgescunt
1059 1004 1198 1086 pectora
1220 1003 1337 1084 venis,

299 1129 364 1193 330
409 1129 539 1211 Perque
562 1127 657 1192 artus
680 1125 784 1210 pestis
806 1125 918 1192 fundit
940 1125 1043 1193 letale
1065 1142 1259 1193 venenum:

408 1251 504 1316 Nunc
529 1249 619 1316 ferus
635 1249 784 1343 ⁸erigitur
805 1265 985 1334 spumans,
1011 1266 1102 1317 nunc
1125 1249 1212 1316 colla
1236 1253 1439 1336 retorquens

406 1376 530 1442 Horret
551 1375 587 1440 et
610 1373 761 1458 obliquos
782 1373 880 1458 spiris
901 1373 1057 1442 sinuatur
1082 1375 1119 1440 in
1143 1375 1259 1456 orbes,

405 1500 606 1583 corruptam
628 1501 733 1592 uomit
757 1500 794 1564 et
815 1496 968 1565 saniem:
992 1517 1084 1566 nunc
1106 1499 1215 1585 surgit
1238 1502 1274 1567 iu
1295 1520 1413 1584 auras,

388 1627 504 1692 'Nunc
527 1625 656 1692 terram
678 1624 827 1708 mordet,
850 1624 959 1692 donec
981 1628 1165 1710 superante
1190 1643 1325 1694 veneno

297 1751 363 1817 335
406 1749 606 1835 Rumpitur:
630 1752 799 1835 apparent
823 1749 966 1818 foedatis
987 1750 1119 1818 viscera
1142 1751 1177 1817 in
1200 1751 1277 1818 aris.

408 1873 548 1944 Visendi
569 1874 680 1942 studio
702 1876 886 1944 accurrunt
907 1875 951 1942 ad
972 1874 1092 1943 limina
1113 1877 1249 1962 templi,

407 2001 639 2086 Miranturque
663 1999 755 2068 iecur
778 1999 950 2086 diruptum
972 2002 1018 2069 et·
1031 2002 1170 2087 tergora
1191 2005 1339 2089 squamis

406 2089 550 2194 Horrir'la
572 2127 608 2192 et
630 2125 771 2192 immani
794 2125 971 2193 disiectum
994 2128 1113 2211 pectus
1134 2125 1239 2195 hiatu.

407 2253 558 2337 Occupat
579 2251 660 2319 hinc
683 2250 802 2318 heros:
827 2252 902 2317 Heu
916 2267 1003 2335 gens
1018 2251 1106 2320 male
1129 2251 1283 2330 credula,
1310 2255 1480 2336 clamans,

299 2375 364 2440 340
408 2373 459 2439 En
482 2374 535 2442 cui
559 2375 634 2440 tura
657 2373 791 2453 volens,
816 2373 869 2440 cui
892 2373 1007 2441 divum
1031 2375 1121 2442 dona
1142 2373 1282 2442 dedisti!

409 2500 551 2567 Miratur
573 2517 633 2566 rex
655 2499 745 2585 ipse,
776 2502 882 2569 Deum
904 2504 940 2568 et
963 2501 1111 2568 Danielis
1132 2501 1261 2570 adorat.

492 2625 629 2690 Interea
652 2623 701 2690 sol
726 2622 881 2691 bisdenos
903 2629 1069 2708 exegerat
1091 2624 1206 2708 orbes,

410 2747 528 2816 Altera
550 2749 686 2834 iamque
707 2747 779 2816 dies
800 2748 997 2831 effluxerat;
1019 2768 1099 2818 ecce
1121 2767 1269 2835 superna

407 2875 609 2940 Lactantem
632 2873 854 2959 Omnipotens
877 2874 1079 2942 Michaelem
1102 2875 1207 2941 mittit
1228 2877 1271 2942 ab
1293 2895 1393 2958 arco,

299 3003 364 3066 :345
408 3000 547 3068 Mandet
570 3005 607 3066 ut
630 3001 784 3086 Aligero,
808 3001 862 3070 cui
886 3001 983 3086 regni
1007 3001 1137 3071 credita
1159 3011 1241 3070 cura'

411 3130 609 3209 Persarum,
636 3130 780 3195 aeterna
801 3129 937 3195 tantum
959 3129 1046 3213 quod
1070 3132 1186 3196 mente
1208 3131 1393 3198 statutum:

407 3253 552 3320 Vincula
574 3253 733 3339 mancipii
755 3253 891 3336 Gabriel
914 3255 1102 3341 disrumpat
1124 3257 1243 3337 Iudae,

409 3379 535 3464 Cuique
558 3378 789 3448 Palaestinam
809 3379 853 3447 sit
877 3379 928 3447 las
951 3379 1097 3448 invisere
1120 3379 1217 3449 sedes

408 3507 451 3572 Et
473 3523 625 3574 remeare
646 3525 742 3589 suas,
765 3503 974 3590 solymorum
998 3506 1144 3574 condere
1169 3525 1282 3574 muros

301 3634 365 3700 350
410 3633 453 3698 Et
475 3632 660 3717 templum:
686 3631 805 3700 Daniel
828 3634 1008 3698 Persarum
1031 3631 1193 3717 principis
1214 3632 1304 3699 astet
1443 3627 1446 3632 '

365 3769 382 3800 ·
411 3759 522 3845 Usque
544 3775 673 3839 comcs,
697 3761 795 3842 regat
818 3760 854 3824 ct
877 3757 1036 3842 populos:
1065 3757 1151 3824 haec
1173 3757 1288 3826 debita
1310 3773 1440 3825 merces

411 3883 461 3951 Sit
482 3883 712 3968 Cambysiadi,
736 3884 793 3969 qui
816 3882 864 3951 sic
885 3884 1013 3952 solatur
1035 3882 1142 3950 Iacob.

410 4008 621 4077 Bethoroniti
644 4008 730 4076 haec
752 4011 889 4094 quando
909 4009 1092 4076 manifesta
1114 4011 1311 4094 patescunt,

411 4134 561 4203 Dilectae
583 4134 686 4202 soboli
710 4135 814 4220 gestit
835 4136 906 4202 tam
929 4135 1041 4204 fausta
1063 4133 1202 4204 referre.
1369 4205 1371 4208 .

301 4265 366 4330 :355
409 4263 519 4330 Turba
542 4262 702 4348 frequens
723 4262 828 4348 stipat
846 4262 1061 4347 venientem,
1085 4262 1288 4349 intentaque
1311 4265 1441 4348 perstat

362 4381 368 4392 '
411 4387 574 4455 Auribus:
597 4387 653 4456 hic
675 4387 771 4454 vultu
794 4387 885 4454 sacili
908 4387 955 4455 sic
977 4389 1079 4472 grata
1101 4387 1253 4456 locutus:

501 4517 528 4582 O
553 4515 734 4600 fortunati,
756 4517 902 4600 surgunt
923 4515 1043 4602 quibus
1064 4515 1136 4583 alta
1158 4514 1267 4584 Sionis
